2567 4084
1273 152 1398 217 110

305 335 443 397 tum
485 335 662 420 patet
703 332 1024 416 accessui,
1093 330 1274 396 cuius
1328 329 1569 396 dudum
1587 382 1604 415 ‚
1662 337 1733 398 ut
1774 332 2033 399 tradunt
2075 334 2375 419 maioreS,

305 448 704 516 possessores
731 420 1023 515 Ἀινετοί,
1066 429 1135 496 id
1179 434 1276 495 est
1317 430 1693 513 laudabiles,
1742 430 2131 499 dicebantur.
2195 433 2381 499 Haec

304 528 374 593 in
418 530 561 595 sinu
604 530 782 614 regni
823 530 1097 595 Romani
1140 551 1332 617 super
1376 550 1547 596 mare
1589 530 1841 595 Ionium
1884 532 2259 615 constit-uta,
2304 532 2377 597 in

301 628 564 694 modum
619 629 866 695 insulae
919 630 1319 695 influentium
1362 650 1672 717 aquarum
1712 632 2171 699 redundatione
2216 652 2379 697 con-

302 727 602 793 cluditur.
691 728 908 793 Habet
949 727 1032 792 ab
1093 729 1337 794 oriente
1394 748 1567 794 mare
1585 778 1602 811 ‚
1670 729 1752 794 ad
1807 732 1980 818 quod
2023 732 2133 818 qui
2195 737 2372 797 recto

302 847 494 892 cursu
539 828 618 892 de
651 826 930 909 Corcyra
973 832 1164 913 atque
1207 828 1519 894 Helladae
1562 829 1854 913 partibus
1897 832 2158 914 navigat
2201 832 2375 897 dex-

301 931 469 992 trum
511 927 698 1005 lame,
745 927 1020 1011 primum
1048 927 1302 1013 Epiros,
1348 928 1499 993 dein
1542 928 1951 1012 Dalmatiam,
1996 929 2378 997 Liburniam

300 1028 765 1113 Histriamque‚
825 1013 893 1091 et
951 1028 1044 1092 sic
1086 1027 1395 1093 Venetias
1458 1026 1688 1093 radens
1747 1029 2031 1113 palmula
2085 1031 2372 1115 navigat.

302 1126 410 1191 Ab
443 1127 770 1191 occidente
800 1147 953 1191 vero
997 1127 1194 1193 habet
1223 1128 1512 1213 paludeS,
1555 1147 1669 1213 per
1700 1148 1857 1213 quas
1888 1149 2015 1193 uno
2046 1130 2375 1212 angustis-

303 1226 461 1291 simo
505 1226 769 1290 introitu
811 1234 880 1291 ut
923 1232 1110 1313 porta
1139 1229 1361 1293 relicta
1391 1232 1503 1293 est.
1590 1229 1652 1291 A
1684 1229 2163 1314 septentrionali
2198 1249 2371 1315 quo-

300 1492 365 1505 -
397 1469 995 1533 uni-—patet—aceessui)
1053 1468 1224 1519 Ambr.
1261 1482 1379 1515 cum
1410 1468 1553 1531 Epit.
1588 1484 1960 1520 uno—accessu.
2004 1498 2071 1509 -·
2090 1532 2103 1539 -
2122 1463 2371 1539 Ἀινετοι)

299 1549 388 1601 Sic
419 1542 698 1615 legendum
732 1566 860 1615 esse,
900 1552 1118 1601 coniecit
1149 1551 1254 1599 iam
1289 1550 1656 1615 Leunclavius,
1693 1553 1841 1603 cuius
1862 1555 2212 1605 coniecturam
2248 1572 2373 1607 con-

299 1631 504 1682 firmant
533 1633 668 1685 Pall.
701 1632 824 1682 dum
855 1633 1022 1683 Ενετυ
1056 1635 1383 1698 praeferunt,
1419 1634 1673 1697 scriptura
1707 1650 1737 1685 e
1773 1634 2085 1687 Graecorum
2116 1640 2375 1689 recentio-

297 1715 874 1779 rum‘pronunciationo
909 1719 1036 1765 orta.
1104 1716 1336 1781 Vulgata
1366 1717 1513 1765 Enete·
1544 1732 1578 1767 a
1609 1717 1863 1767 Rhenano
1898 1719 2077 1770 fluxit:
2128 1736 2253 1771 nam
2286 1720 2373 1771 ed.

297 1812 376 1861 pr.
417 1800 606 1848 Venetia·
651 1798 863 1849 exhibet
906 1803 958 1848 et
988 1800 1048 1849 in
1079 1798 1185 1863 Mg.
1217 1800 1399 1851 Enetii.
1461 1826 1523 1835 —-
1580 1804 1637 1848 in
1668 1803 1871 1849 modum
1903 1801 2114 1868 invalere)
2173 1804 2373 1855 Vocem

297 1885 489 1931 {mulae
531 1882 772 1932 revocavi
819 1898 896 1933 ex-
929 1882 1044 1932 edd.
1081 1899 1158 1946 pr.
1197 1883 1387 1932 sistunt
1418 1898 1531 1932 eam
1563 1883 1697 1933 Pall.
1735 1900 1939 1949 quoque
1972 1890 2025 1935 et
2056 1886 2229 1937 Ambr.
2264 1888 2375 1951 pri-

295 1980 436 2015 mum
471 1964 663 2015 excidit
695 1965 752 2013 in
786 1965 868 2017 ed.
900 1966 1184 2016 Leunclav.
1239 1981 1510 2031 operarum
1560 1966 1795 2017 socordia
1842 1968 2067 2033 indeque
2114 1972 2172 2020 in
2218 1972 2373 2021 nulla

294 2048 678 2113 insequentium
712 2046 858 2099 Grut.
895 2054 1114 2112 excepta
1147 2050 1447 2113 comparuit.
1515 2050 1814 2100 Desiderari
1852 2056 2027 2101 tamen
2072 2066 2187 2101 eam
2231 2052 2371 2102 bene

295 2130 538 2197 viderunt
584 2130 686 2178 iam
721 2130 1008 2179 Vulcanius
1041 2130 1109 2179 ad
1141 2130 1193 2179 h.
1230 2130 1264 2179 1.
1304 2136 1356 2181 et
1390 2130 1662 2183 Cluverius
1693 2134 1732 2183 1.
1768 2135 1805 2183 1.
1840 2150 1892 2197 p.
1928 2134 2045 2187 304.
2104 2164 2167 2173 -
2227 2135 2377 2183 de—

297 2214 535 2263 Helladae
573 2212 828 2274 partiam)
885 2212 1015 2262 Edd.
1063 2213 1391 2263 Vulcaniana
1440 2216 1757 2279 antiquiores
1808 2220 2061 2279 quotquot
2108 2217 2371 2281 inspicere

293 2297 478 2358 licuit,
533 2296 772 2345 Helladae
821 2295 932 2343 sive
980 2296 1192 2345 Elladae
1241 2304 1634 2362 repraesentant
1652 2335 1665 2362 ,
1722 2299 1865 2363 Epit.
1900 2301 2109 2349 Hellade
2141 2301 2311 2363 posito
2344 2317 2375 2349 e

293 2378 521 2443 simplici
569 2392 662 2441 pro
715 2394 740 2427 e
792 2377 1009 2427 caudato
1061 2378 1172 2429 sive
1223 2379 1585 2447 diphthongo„
1632 2383 1815 2447 Neque
1848 2382 2095 2432 reducere
2130 2382 2373 2433 dubitavi

297 2462 435 2513 hanc
482 2462 760 2511 lectionem
795 2474 888 2525 pro
923 2459 1063 2525 vulg.
1103 2462 1330 2511 Helladis
1350 2499 1363 2526 ‚
1418 2478 1550 2528 quae
1582 2467 1803 2530 primum
1836 2483 1869 2515 a
1902 2467 2159 2517 Vulcanio
2194 2481 2223 2516 e
2256 2467 2368 2532 Mg.

294 2539 579 2599 L'eunclav.
619 2548 705 2597 vel
726 2547 843 2597 Par.
879 2547 935 2597 in
971 2560 1118 2596 suam
1151 2549 1229 2594 est
1259 2546 1409 2595 illata
1441 2547 1665 2613 indeque
1698 2550 1754 2599 in
1788 2550 1921 2599 alias
1956 2564 2130 2601 omnes
2162 2554 2375 2614 praeter

297 2630 501 2681 Gruter.
537 2636 838 2695 propagata.
909 2629 1128 2679 Secutus
1160 2634 1335 2679 autem
1372 2635 1451 2680 est
1481 2632 1538 2679 in
1570 2632 1911 2687 hoc,nomine
1930 2670 1943 2697 ‚
1978 2638 2039 2683 ut
2072 2637 2125 2682 et
2148 2620 2212 2681 'in
2246 2632 2373 2683 aliis

293 2728 511 2779 graecae
545 2714 758 2779 originis
793 2713 920 2779 (vid.
947 2728 1102 2777 supra
1135 2713 1203 2761 ad
1237 2728 1278 2761 c.
1306 2711 1399 2779 5.),
1436 2714 1671 2765 Iordanis
1704 2731 1897 2765 morem
1932 2716 2093 2765 seculi
2128 2716 2226 2778 sui,
2263 2730 2371 2779 quo

296 2810 362 2847 ex
425 2796 718 2845 accusativo
781 2810 966 2860 graeco
1029 2796 1403 2847 nominativum
1458 2798 1689 2864 facerent
1736 2814 1955 2864 eumque
2005 2814 2100 2863 per
2144 2799 2371 2863 primam

293 2880 577 2929 flecterent.
647 2878 806 2929 Cuius
838 2878 916 2927 rei
946 2878 1004 2926 in
1037 2885 1397 2943 argumentum
1431 2886 1490 2930 ut
1522 2881 1628 2931 alia
1660 2882 1871 2931 nomina
1902 2897 2157 2945 vocesque
2178 2882 2371 2942 afferre

292 2959 657 3025 supersedeam
681 2996 694 3025 ‚
730 2960 934 3025 aliquos
968 2966 1170 3009 tantum
1201 2960 1443 3011 indicabo
1476 2962 1637 3027 locoS,
1672 2965 1765 3014 ubi
1796 2965 2010 3013 Hellada
2043 2965 2201 3015 variis
2234 2966 2371 3016 casi-

293 3046 393 3097 bus
425 3045 563 3098 flexa
595 3045 851 3107 reperitur
881 3044 1039 3109 idque
1061 3044 1212 3109 *apud
1245 3050 1481 3097 auctores
1496 3084 1511 3111 ‚
1558 3047 1647 3111 qui
1682 3046 1860 3097 eadem
1894 3048 2003 3097 fere
2036 3062 2153 3097 cum
2186 3053 2369 3101 nostro

295 3134 470 3179 aetate
520 3129 831 3177 florueruntz
891 3128 966 3179 sic
1011 3127 1153 3193 apud
1197 3128 1392 3179 Victor.
1430 3130 1537 3180 Vit.
1583 3130 1645 3181 L.
1681 3130 1741 3179 1.·
1758 3147 1808 3194 p.
1846 3132 1927 3178 16.
1977 3134 2033 3178 in
2080 3131 2235 3193 Epiro
2272 3135 2371 3181 -vet

293 3213 508 3263 Hellada
552 3211 772 3277 legitur-3
822 3211 880 3260 in
912 3210 1110 3261 Histor.
1147 3210 1292 3275 Trip.
1325 3211 1429 3261 VII
1443 3247 1457 3274 ,
1492 3214 1541 3261 2.
1574 3218 1635 3261 ut
1666 3214 1848 3263 videret
1881 3214 2177 3275 Helladam3
2228 3214 2366 3265 ibid.

294 3295 390 3360 VI,
418 3298 462 3347 1.
487 3296 759 3345 discurrens
781 3296 1060 3343 universam
1083 3294 1385 3356 Helladam,·
1415 3294 1541 3357 ibid.
1568 3295 1688 3361 VII,
1713 3296 1762 3345 3.
1795 3298 1852 3345 in
1866 3300 2101 3347 universa
2124 3298 2365 3347 Hellade.

293 3404 356 3415 --
391 3378 614 3427 dextrum
647 3374 800 3443 latus)
853 3375 1028 3426 Ambr.
1080 3376 1246 3425 dextro
1300 3379 1465 3426 latere.
1526 3404 1587 3415 -
1644 3379 1843 3442 Epiros)
1899 3378 1989 3430 Sic
2018 3378 2195 3430 Ambr.
2242 3395 2373 3431 cum

291 3459 439 3529 Epit.
481 3474 683 3509 necnon
724 3458 802 3508 ed.
844 3473 922 3522 pr.
975 3458 1162 3509 vitiose
1212 3474 1507 3534 quanquam
1550 3463 1806 3525 Ephyres.-
1874 3464 2019 3529 vulg.
2064 3464 2277 3527 Epirum
2324 3478 2372 3515 a

291 3543 543 3595 Rhenano
582 3548 692 3607 est,
743 3544 954 3593 minimo
995 3547 1170 3593 tamen
1209 3544 1268 3595 in
1310 3560 1524 3597 numero
1564 3546 1721 3597 huius
1752 3546 1973 3596 nominis
2008 3560 2121 3596 esse
2152 3550 2371 3596 mutan-

294 3622 417 3673 dum
449 3624 668 3692 aliquid,
703 3627 880 3677 monui
911 3642 1068 3693 supra
1101 3625 1170 3677 ad
1193 3642 1235 3677 c.
1261 3629 1346 3679 27.
1381 3658 1443 3669 —-
1478 3630 2085 3681 uno—introitu—relicta
2108 3628 2199 3697 est)
2236 3629 2369 3680 Clu·
2467 3657 2475 3661 -
