2567 4084
1147 127 1229 191 91

156 306 390 373 Graeci
417 306 580 373 Hele
607 313 862 391 vocant,
905 307 1132 373 Heruli
1159 308 1471 375 nominati
1513 314 1681 387 sunt,
1724 328 1884 393 gens
1918 313 2230 397 quantum

152 404 384 491 velox,
441 425 518 472 eo
569 406 846 493 amplius
904 407 1378 494 superbissima.
1473 407 1668 473 Nulla
1724 407 2039 494 siquidem
2094 412 2231 473 erat

154 508 314 571 tunc
353 524 544 589 gene,
601 525 766 591 quae
820 527 952 572 non
1001 506 1212 572 levem
1254 511 1639 573 armaturam
1694 505 1764 571 in
1804 510 1941 573 acie
1987 526 2105 571 sua
2146 526 2231 573 ex

153 605 320 692 ipsis
377 605 642 690 eligerit.
757 604 887 671 Sed
943 604 1235 693 quamvis
1293 605 1604 673 velocitas
1656 624 1878 672 eorum
1944 604 2029 670 ab
2086 604 2229 671 aliis

159 704 386 772 crebro
441 704 832 771 bellantibus
887 725 1016 770 non
1076 711 1495 771 evacuaretur
1512 755 1531 790 ,
1592 704 1955 773 Gothorum
2012 708 2229 769 tamen

156 878 251 930 Sic
300 893 397 943 pro
447 878 590 943 vulg.
625 881 764 943 :quae
814 879 1007 943 optime
1057 879 1261 943 Ambr.;
1310 880 1381 931 ad
1426 885 1534 932 loca
1580 882 1719 931 enim
1768 872 2079 946 σίαρίιαηϋα,
2124 896 2233 932 non

159 960 232 1012 ad
260 964 476 1029 paludes
503 961 829 1012 referendum
863 968 941 1013 est
972 977 1274 1026 pronomen.
1313 991 1381 1002 -—
1418 963 1611 1031 Graeci)
1658 964 1783 1015 Cod.
1822 964 2013 1031 Stuttg.
2049 980 2233 1028 mucce.

155 1072 228 1083 —-
271 1044 422 1109 Hele)
474 1043 563 1095 Sic
595 1060 690 1110 pro
721 1046 812 1095 Ele
843 1046 1056 1097 exhibet
1096 1048 1154 1097 in
1196 1062 1293 1097 sua
1340 1045 1623 1096 Lindenbr.
1675 1048 1825 1101 iuvat
1871 1048 2008 1097 hanc
2054 1048 2237 1099 lectio·
2268 1060 2279 1069 ·

155 1142 281 1178 nem
333 1128 471 1193 quod
517 1124 584 1194 inl
609 1128 741 1179 Exc.
795 1128 983 1195 legitur
1032 1132 1170 1180 helle.
1225 1158 1295 1168 --
1346 1132 1491 1180 Elati
1522 1134 1776 1180 nominati
1806 1136 1948 1195 sunt)
1999 1130 2089 1186 Sic
2137 1146 2234 1197 pro

155 1212 306 1261 Eruli
337 1211 472 1261 Pall.
508 1226 541 1259 a
573 1212 740 1275 prima
773 1227 932 1263 manu
965 1218 1019 1263 et
1049 1213 1225 1265 Ambr.
1261 1212 1355 1263 sed
1384 1214 1539 1277 plura
1574 1212 1701 1261 dant
1730 1212 1859 1263 Exc.
1896 1216 2072 1263 Heruli
2092 1218 2235 1277 quaet

157 1295 366 1343 Helladi
397 1297 646 1343 nominati
676 1300 819 1343 sunt:
854 1296 1043 1360 quibus
1066 1296 1254 1361 verbis,
1292 1296 1339 1347 si
1371 1296 1517 1361 legas
1540 1296 1716 1344 Heruli
1748 1298 1890 1358 quasi
1908 1298 2070 1356 Eltm‘,
2105 1296 2237 1347 mihi

83 1428 90 1433 ,
157 1377 374 1442 quidem
417 1392 542 1426 vera
586 1376 759 1427 inesse
794 1377 1004 1428 ‘videtur
1047 1379 1204 1429 lectio
1252 1378 1423 1444 iisque
1466 1377 1671 1427 demum
1713 1376 1933 1427 adiectis
1978 1378 2237 1442 completa

156 1459 276 1511 fieri
311 1460 494 1511 oratio.
562 1460 697 1531 Nam
729 1461 776 1512 si
809 1462 984 1511 Heu-tad
1016 1460 1371 1512 tantummodo
1404 1461 1566 1527 legas,
1609 1458 1864 1524 quomodo
1900 1464 2067 1510 ortum
2100 1460 2170 1511 sit
2202 1475 2233 1511 e

155 1558 292 1593 voce
326 1546 397 1593 ele
429 1544 542 1595 sive
575 1546 679 1593 hele
697 1544 964 1595 Erulorum
995 1546 1108 1595 sive
1131 1546 1431 1595 Ησαίου-απτ
1458 1558 1665 1607 nomen,
1698 1558 1806 1593 non
1840 1537 2007 1593 cuivis
2037 1543 2235 1608 liquett

159 1631 369 1689 contra,
406 1628 454 1677 si
483 1629 628 1676 Eltm‘
661 1627 932 1691 duntaxat,
968 1642 1058 1677 cur
1088 1642 1195 1677 non
1227 1628 1560 1692 appellentur
1592 1627 1685 1675 ita.
1716 1653 1786 1665 -—
1818 1629 2069 1675 nom-‘mu
2099 1630 2235 1687 sunt,

157 1709 307 1775 qen-5)
342 1708 478 1759 Edd.
511 1710 734 1760 Leuncl.
767 1714 820 1761 et
851 1710 970 1760 Par.
1011 1714 1261 1759 nominati
1301 1715 1419 1759 sunt
1456 1724 1641 1762 omnes.
1677 1739 1743 1750 -
1786 1706 2029 1776 quantum
2074 1708 2235 1775 velox)

159 1788 255 1841 Sic
287 1791 420 1841 Pau,
456 1804 574 1841 cum
605 1792 734 1842 Exc.
768 1800 949 1857 quanto
982 1796 1120 1843 velox
1149 1794 1325 1858 vulgo.
1359 1820 1427 1832 --
1466 1790 1680 1859 eleqerit)
1715 1792 1805 1843 Sic
1838 1791 1921 1843 ed.
1958 1790 2107 1842 Grut.
2142 1790 2237 1841 sed

157 1874 318 1924 Amb.
353 1878 576 1937 eliyeret;
621 1876 764 1942 vulg.
812 1880 1055 1941 eleyerint.
1103 1902 1165 1911 -
1189 1874 1397 1949 ¹crebro)
1439 1876 1523 1925 Ita
1565 1874 1742 1926 Ambr.
1780 1875 1909 1925 Exc.
1954 1874 2037 1925 ed.
2086 1874 2235 1927 Grut.

163 1971 316 2021 saepe
336 1958 511 2023 vulgo,
536 1986 604 1997 --
624 1973 728 2009 non
747 1960 1090 2028 evacuaretur)
1124 1962 1254 2011 Pall.
1277 1966 1523 2026 evayaret,
1556 1960 1709 2013 Amb.
1735 1965 2027 2023 evayaretm·
2046 1960 2240 2011 omissa

161 2042 447 2107 negatione
482 2057 674 2095 omnes.
742 2043 870 2095 Exc.
909 2055 988 2095 eos
1022 2050 1291 2107 tutas-emm
1322 2045 1543 2109 optime,
1578 2043 1627 2093 si
1656 2044 1735 2093 ita
1765 2043 1822 2093 in
1852 2042 1988 2093 libro
2018 2057 2115 2093 suo
2150 2041 2239 2093 de-

161 2123 444 2189 prehendit
465 2130 646 2177 auctor
669 2142 860 2192 corum,
894 2142 1078 2179 vereor
1109 2132 1303 2192 tamen,
1336 2142 1405 2177 ne
1438 2128 1505 2178 ab
1537 2126 1654 2190 ipso
1678 2126 1854 2191 potius
1876 2140 2033 2190 quam
2064 2140 2099 2175 a
2120 2123 2236 2175 cod.

161 2209 404 2272 profecta
435 2210 504 2259 sit
533 2210 666 2261 haec
697 2211 870 2262 lectio.
939 2210 1238 2277 Vulgatam‚
1271 2227 1431 2277 quum
1452 2210 1832 2275 ineptissimum
1850 2209 2103 2272 praebeat
2124 2222 2242 2259 sen·-

162 2305 314 2355 sum,
358 2291 450 2341 vix.
482 2294 581 2342 erit
615 2294 704 2358 qui
735 2295 949 2359 toleret,
991 2295 1098 2345 nisi
1141 2295 1258 2359 quis
1300 2295 1379 2344 ita
1418 2294 1591 2359 capiat
1623 2307 1861 2343 mamare
1891 2292 2135 2354 verbum,
2181 2294 2243 2341 ut

162 2372 311 2423 idem
341 2375 427 2439 sit,
463 2376 602 2440 quod
632 2376 835 2427 irritum
866 2377 1082 2429 reddere
1117 2380 1248 2443 (qua
1281 2377 1347 2427 de
1378 2375 1759 2442 significatione
1791 2375 1941 2425 verbi
1966 2391 2017 2424 v.
2045 2372 2241 2425 Gotho-

163 2456 302 2507 sred.
337 2456 408 2507 ad
440 2459 552 2509 cod.
588 2460 846 2511 Theodos.
879 2461 945 2511 L.
971 2461 1066 2526 XI,
1099 2461 1183 2513 tit.
1206 2464 1254 2511 1.
1290 2476 1344 2527 n.
1368 2461 1451 2511 30.
1488 2459 1821 2525 eiusdemque
1850 2457 2063 2523 glossar.
2100 2471 2239 2507 nom.

163 2539 238 2591 ad
272 2541 494 2593 eundem
528 2546 580 2593 et
615 2544 776 2610 oang.
815 2543 1039 2596 Glossar.
1075 2561 1126 2595 v.
1157 2547 1386 2607 vacuus).
1464 2542 1613 2592 Fecit
1658 2541 1717 2593 id
1772 2540 1944 2591 Kruse
1992 2539 2077 2589 in:
2144 2540 2239 2588 Ur-

163 2626 438 2687 aeschichte
469 2626 552 2675 dee
573 2628 892 2677 Esthnisclaen
919 2628 1276 2677 Vollmtamms
1312 2632 1411 2679 cet.
1465 2625 1695 2677 Moscov.
1736 2625 1883 2674 1846.
1916 2638 1971 2688 p.
2008 2620 2129 2675 131.
2164 2621 2243 2671 ita

164 2712 380 2757 vertens
411 2710 570 2759 verba
601 2710 789 2761 nostri:
824 2711 956 2761 Aben-
989 2711 1200 2774 obyles‘ch
1234 2712 1341 2760 ihre
1372 2710 1714 2771 Schmlliqkeit
1745 2724 1810 2757 zu
1842 2708 2019 2771 Pserde
2052 2705 2112 2773 (1)
2146 2722 2245 2757 von

169 2791 366 2840 andern
399 2793 473 2853 oft
506 2796 672 2855 (yeym
701 2790 790 2859 sie)
823 2796 974 2856 Krieq
1000 2794 1280 2856 fizhrenden
1312 2794 1451 2842 nicht
1480 2795 1670 2843 unniltz
1703 2793 1929 2855 oannem
1958 2792 2153 2855 warde,
2186 2803 2243 2841 so

168 2879 271 2923 cet.
341 2874 522 2939 Neque
565 2877 818 2927 satisfacit
857 2877 1014 2928 lectio
1057 2876 1189 2927 Pau.
1225 2882 1279 2925 et
1308 2875 1484 2925 Ambr.
1520 2890 1815 2940 quanquam
1843 2875 1903 2924 in
1934 2875 2037 2926 hac
2066 2889 2245 2925 veram

165 2957 342 3009 latere
374 2958 648 3011 lectionem
682 2960 937 3011 existimo.
1019 2960 1157 3022 Quid
1202 2960 1343 3009 enim
1379 2960 1428 3009 si
1470 2959 1615 3023 legas
1656 2964 1969 3007 evocaretur?
2012 2957 2153 3009 unde
2194 2957 2243 3009 is

163 3040 394 3106 prodeat
425 3058 632 3094 sensus:
671 3046 906 3108 quamvis
938 3045 1004 3095 ob
1039 3045 1369 3097 velocitatem
1402 3044 1583 3095 crebro
1628 3044 1696 3094 ab
1740 3042 1859 3092 aliis
1892 3043 2033 3093 bella
2063 3057 2244 3107 geren-

166 3122 319 3173 tibus
348 3123 418 3174 ad
439 3130 700 3177 certamen
721 3132 1100 3179 arcesserentur
1130 3128 1219 3178 vel
1249 3128 1308 3178 in
1328 3126 1584 3177 auxilium
1603 3130 1928 3189 vocarentur,
1964 3124 2247 3175 Gothorum

167 3210 370 3256 tamen.
388 3213 484 3258 cet.
551 3225 754 3261 evocare
787 3211 926 3261 enim
957 3211 1176 3262 verbum
1206 3207 1348 3259 idem
1378 3210 1520 3259 valet
1549 3207 1837 3272 interdum,
1876 3207 2016 3273 quod
2046 3207 2104 3255 in
2136 3206 2248 3259 bel-

169 3290 290 3343 lum
321 3305 594 3358 arcessere,
630 3299 692 3344 ut
722 3294 864 3359 apud
897 3294 1047 3347 Caes.
1073 3294 1142 3343 «B.
1181 3291 1244 3343 G.
1279 3292 1383 3359 111,
1417 3294 1498 3343 20.
1534 3295 1587 3341 et
1624 3290 1836 3341 Sallust.
1860 3288 1975 3353 Iug.
2012 3304 2056 3339 c.
2081 3290 2166 3353 37,
2191 3290 2243 3339 3.

169 3375 264 3427 vel
297 3376 354 3427 in
385 3378 636 3429 auxilium
669 3394 854 3431 vocare
886 3383 945 3430 ut
975 3378 1175 3429 Histor.
1199 3376 1345 3441 Trip.
1369 3375 1492 3440 XII,
1530 3376 1613 3427 12.
1676 3374 1847 3425 Possit
1877 3378 2051 3423 tamen
2086 3371 2246 3423 etiam

169 3461 403 3511 evaderet
433 3462 540 3528 legi
557 3496 572 3525 ,
625 3466 686 3515 ut
717 3464 873 3513 lectio
907 3462 1035 3513 Exc.
1071 3461 1457 3513 circumlocutio
1503 3463 1705 3509 tantum
1744 3456 1813 3507 sit
1854 3454 2084 3507 eiusdem
2130 3470 2247 3507 sen·

169 3542 373 3594 tentiae
386 3579 400 3607 ,
451 3544 555 3597 nisi
587 3544 824 3608 Iordanis
864 3546 1026 3597 verbo
1069 3560 1276 3609 cvaqare
1317 3544 1405 3595 vel
1455 3545 1653 3605 evayart
1702 3539 1841 3591 idem
1883 3540 2054 3604 ipsum
2099 3538 2247 3605 expri

169 3644 316 3681 mere
349 3629 532 3681 voluit.
