2567 4084
1154 174 1274 245 155

181 367 397 427 tamen
442 380 655 443 manu,
703 378 892 447 quam
935 360 1200 426 liberam
1241 360 1557 437 habebat,
1604 360 1952 427 scabellum
1996 368 2243 443 tenens⁷

181 461 510 546 sanguinis
571 460 670 526 sui
727 460 968 527 exstitit
1027 460 1228 545 ultor,
1291 460 1649 547 aliquantos
1701 460 2076 527 insidiantes
2121 462 2245 527 sibi

182 562 614 645 exstinguens,

349 660 591 725 XLIV.
659 658 816 723 Post
853 639 1032 725 cuius
1063 660 1391 727 decessum
1422 658 1877 745 Theodericus,
1908 678 2245 746 germanus

181 758 344 841 ciue,
389 758 899 843 Vesegotharum
942 760 1007 823 in
1049 778 1247 844 regno
1292 760 1658 843 succedenS‚
1702 780 1855 825 mox
1872 759 2243 842 Biennium,

185 856 552 923 Suavorum
616 878 863 941 regem2
923 865 1262 943 cognatum
1324 879 1543 942 suum,
1607 861 1843 946 reperit
1896 858 2243 925 inimicum.

180 956 313 1023 Hic
365 956 596 1021 etenim
639 957 953 1033 Riciarius
1013 957 1321 1023 affinitate
1375 959 1754 1024 Theoderici
1810 978 2245 1045 praesumem,

177 1055 551 1121 universam
606 1074 808 1141 paene
852 1056 1231 1141 Hispaniam
1290 1056 1415 1122 sibi
1472 1058 1741 1125 credidit
1784 1058 2246 1145 occupandam,

179 1154 475 1221 iudicans
554 1162 984 1241 opportunum
1057 1160 1311 1242 tempus
1376 1158 1759 1242 surreptioni
1821 1156 2247 1246 incomposita

181 1253 371 1319 initia
426 1254 669 1320 tentare
722 1256 1064 1340 regnantis,
1153 1255 1405 1340 Quibus
1448 1261 1597 1321 ante
1640 1254 1911 1320 Gallicis
1954 1262 2016 1322 et
2057 1258 2248 1323 Lusi-

179 1355 362 1419 tania
420 1356 602 1421 sedes
646 1357 856 1439 fuere,
919 1375 1082 1444 quae
1123 1356 1190 1421 in
1235 1356 1462 1421 dextro
1505 1355 1701 1420 latere
1742 1354 2091 1441 Hispaniae
2133 1376 2250 1442 per

179 1455 396 1541 ripam
439 1454 680 1521 Oceani
723 1456 1156 1541 porriguntur,
1200 1454 1512 1521 habentes
1554 1454 1637 1519 ab
1683 1454 1923 1520 oriente
1966 1457 2247 1521 Austro-

180 1555 475 1639 gemam,
525 1554 608 1620 ab
654 1555 982 1621 occidente
1021 1556 1090 1620 ιιι
1105 1555 1568 1669 promontorio
1612 1572 1861 1619 sacrum
1894 1554 2247 1667 Scipionis,

577 1662 743 1669 -ο-ὴ-

179 1688 333 1739 hibet
367 1662 636 1754 praeterea
658 1664 926 1742 Gruterus
937 1694 993 1741 in
1029 1707 1121 1742 sua
1153 1692 1214 1740 ab
1238 1663 1413 1740 Ascale
1435 1702 1521 1740 suo
1548 1694 1716 1740 cliente
1737 1694 1953 1749 inimico,
1991 1696 2247 1743 nuntiante

181 1776 344 1821 armis
389 1774 675 1835 subtractis,
723 1774 997 1839 legendum
1029 1792 1153 1826 vero
1189 1780 1365 1825 censet
1398 1777 1460 1824 ab
1494 1778 1667 1825 Ascale
1700 1788 1787 1824 suo
1822 1778 1993 1825 cliente
2026 1778 2246 1841 inimica,

181 1871 320 1904 nunc
353 1858 458 1904 iam
492 1863 606 1907 ante
638 1863 793 1907 amis
826 1859 1086 1907 mabtraete's
1100 1896 1113 1923 ‚
1161 1858 1301 1923 quod
1334 1875 1439 1909 non
1470 1857 1811 1923 probandum.
1891 1859 2005 1925 Ego
2038 1860 2247 1924 quidem

180 1938 397 1988 mallem
437 1940 500 1987 ab
543 1942 715 1991 Ascale
747 1956 835 1990 suo
889 1944 1058 1990 cliente
1107 1944 1336 1991 inimicos
1380 1946 1647 1991 nunciante
1682 1942 1838 1989 annis
1869 1942 2145 1991 mahts-actis.
2183 1968 2247 1981 -

181 2022 454 2071 scabellum
488 2024 677 2090 tenens)
713 2026 1009 2087 scalpellum
1043 2030 1206 2074 tenens
1237 2024 1450 2075 coniicit
1482 2022 1758 2089 legendum
1773 2020 2007 2075 Vasaeus
2023 2022 2245 2088 Hispan.

183 2102 381 2156 Chron.
427 2105 495 2155 ad
543 2122 593 2157 a.
645 2108 762 2160 456.
818 2104 893 2171 (in
943 2106 1166 2172 Hispan.
1219 2108 1413 2158 Illustr.
1461 2106 1522 2157 Τ.
1572 2106 1613 2155 Ι.
1660 2122 1711 2171 p.
1762 2106 1903 2174 665.)
1939 2134 2005 2145 -
2039 2106 2246 2173 exstitit)

181 2184 276 2237 Sic
308 2202 404 2253 pro
436 2189 576 2255 vulg.
613 2194 774 2239 existit
806 2189 941 2241 Pau.
978 2189 1151 2241 Ambr.
1188 2190 1329 2255 Epit.

323 2270 449 2335 Cap.
485 2272 673 2321 XLIV.
747 2270 1078 2337 Theoderictoe)
1113 2270 1244 2321 Pall.
1273 2273 1603 2321 Theodoriana
1626 2286 1843 2337 semper.
1866 2300 1933 2311 -—
1958 2274 2053 2323 Hic
2068 2277 2247 2323 etenim

180 2353 458 2419 merarius)
517 2352 603 2405 Sic
638 2353 769 2405 Pau.
810 2360 864 2405 et
896 2356 1068 2405 Ambr.
1105 2358 1224 2403 item
1257 2354 1431 2419 vulgo.
1470 2381 1536 2392 —
1578 2355 1892 2416 affinitate—
1901 2358 2246 2419 praesumens)

181 2436 276 2490 Sic
320 2437 495 2488 Ambr.
539 2454 654 2488 cum
699 2438 815 2489 edd.
849 2455 925 2503 pr.
962 2437 1116 2488 lectio
1159 2438 1303 2503 vulg.
1341 2438 1639 2499 affinitatem
1678 2450 1995 2499 praesumens
2026 2440 2249 2503 primum

179 2522 244 2571 in
295 2520 377 2570 ed.
429 2520 646 2572 Leuncl.
695 2526 988 2587 comparet:
1057 2520 1149 2571 sed
1205 2519 1486 2571 reiicienda
1544 2524 1621 2569 est
1669 2518 1755 2569 vel
1806 2521 1870 2569 ob
1922 2525 2247 2573 structuram.

180 2604 501 2654 praesumere
535 2606 672 2655 enim
707 2622 823 2655 cum
860 2610 1044 2669 quarto
1080 2619 1201 2654 casu
1237 2606 1329 2653 aut
1360 2602 1617 2652 infinitivo
1652 2604 1903 2652 structum
1937 2601 2074 2652 idem
2106 2604 2249 2655 valet

179 2688 484 2753 posterioris
543 2690 661 2739 aevi
702 2688 1060 2753 scriptoribus,
1124 2685 1263 2751 quod
1298 2684 1489 2736 audere
1525 2701 1581 2735 v,
1615 2683 1809 2749 Sulpic.
1844 2683 1963 2735 Sev,
2006 2682 2075 2735 H.
2113 2684 2165 2737 S.
2200 2684 2247 2747 Ι,

181 2772 270 2821 33.
309 2770 393 2822 47.
446 2769 624 2835 ibique
670 2770 842 2821 Vorst.
877 2768 1017 2821 Sext.
1053 2769 1175 2819 Rus.
1211 2782 1256 2821 c.
1294 2770 1342 2817 7.
1379 2783 1496 2817 cum
1529 2771 1673 2818 sexto
1708 2781 1829 2817 vero
1862 2768 2248 2833 praepositione

183 2852 246 2901 de
291 2850 469 2901 addita
515 2858 603 2902 aut
648 2853 861 2917 omissa,
913 2853 1190 2917 plurimum
1239 2850 1519 2913 confidere,
1575 2854 1635 2899 ut
1668 2865 1783 2914 cpp.
1822 2850 1903 2899 38.
1941 2852 2025 2899 49.
2062 2850 2144 2901 50.
2182 2876 2248 2887 —

179 2934 502 3001 surreptioni)
571 2932 658 2985 Sic
705 2950 796 2999 pro
848 2938 986 3000 vulg.
1023 2937 1343 2997 surreptionis
1377 2933 1549 2983 Ambr.
1596 2962 1661 2970 —
1712 2935 2041 2995 incomposita
2074 2932 2245 2998 initia)

179 3018 342 3067 Hanc
386 3018 661 3067 lectionem
705 3016 915 3067 exhibet
957 3019 1110 3067 etiam
1157 3016 1238 3067 ed.
1273 3018 1390 3066 Par.
1428 3032 1477 3065 a.
1516 3016 1664 3066 1579.
1700 3018 1752 3065 et
1786 3016 2041 3066 consentit
2072 3016 2248 3067 Ambr.'

180 3100 291 3150 nisi
325 3099 461 3164 quod
496 3101 816 3163 incomposito
849 3104 995 3149 initio
1031 3100 1284 3164 praefert:
1328 3097 1419 3147 sed
1454 3097 1569 3150 edd.
1602 3096 1719 3150 Par.
1756 3112 1878 3150 ann.
1914 3098 2060 3147 1583.
2099 3098 2245 3147 1588.

184 3186 462 3246 composita
498 3182 700 3231 sistunt.
727 3210 793 3220 —
818 3182 1216 3246 Austroyoniam)
1251 3180 1384 3230 Pall.
1412 3180 1697 3243 Austronia,
1722 3178 1863 3243 Epit.
1887 3182 2246 3229 Auster-oniam.
2305 3160 2317 3177 l

185 3265 664 3329 Quomodoeunque
696 3264 902 3329 legitur,
937 3263 1144 3314 videtur
1175 3268 1349 3313 noster
1378 3261 1668 3327 intelligere
1690 3263 2021 3324 Autriyonum
2041 3266 2249 3325 terram,

186 3364 407 3414 quorum
449 3348 788 3397 meminerunt
831 3346 972 3395 Mela
1014 3344 1122 3408 ΠΙ,
1161 3349 1208 3394 1.
1244 3344 1381 3398 Plin.
1417 3344 1488 3394 H.
1524 3345 1589 3395 N.
1620 3343 1727 3409 111,
1777 3346 1826 3393 4.
1863 3345 2000 3394 Flor.
2034 3343 2129 3409 IV,
2166 3346 2249 3407 12,

183 3432 268 3481 47.
302 3430 520 3479 Ptolem.
553 3430 624 3492 11,
661 3432 708 3494 6,
746 3430 793 3478 7.
831 3430 911 3478 53.
960 3428 1196 3479 Chronic.
1232 3426 1417 3478 Pasch.
1452 3442 1504 3491 p.
1542 3428 1625 3477 78.
1662 3432 1714 3477 et
1747 3440 1876 3490 quos
1908 3425 2121 3477 Orosius
2154 3426 2248 3491 VI,

183 3514 271 3563 21.
313 3514 572 3563 Cantabris
604 3520 651 3562 et
683 3512 957 3574 Asturibus,
995 3512 1240 3561 Galleciae
1270 3514 1559 3573 provinciae
1586 3511 1823 3573 portioni,
1860 3506 2101 3558 finitimos
2135 3524 2252 3573 per-

183 3596 350 3661 hibet,
386 3609 544 3660 quare
568 3595 914 3657 Aumyoniam
948 3592 1239 3659 legendum,
1273 3593 1377 3643 nisi
1412 3592 1527 3656 quis
1558 3594 1765 3651 statuat,
1803 3604 1935 3653 quae
1958 3592 2251 3652 Atzmyonia

183 3680 411 3745 primum
454 3678 532 3729 sit
561 3683 772 3742 vocata,
823 3682 941 3747 post
986 3677 1395 3739 Aucti-cymium,
1450 3676 1795 3736 Austroniam,
1840 3674 2121 3724 Astu-oniam
2154 3688 2251 3725 scu
