2567 4084
1145 158 1267 225 119

170 358 434 425 militari
473 358 820 446 pollentem
863 355 1206 445 multisque
1248 361 1512 447 proeliis
1540 357 1909 443 gloriosum,
1956 376 2102 421 cum
2122 342 2241 421 ex-

173 457 380 524 ercitu
423 456 671 542 dirigit,
732 456 972 523 veritus
989 504 1006 538 ,
1069 476 1152 522 ne
1203 458 1434 527 foedus
1500 461 1742 526 dudum
1782 474 1929 520 cum
1971 452 2239 519 Ataulfo

170 556 401 623 initum
442 557 582 642 ipse
622 553 931 632 turbaret,
977 560 1041 621 et
1081 556 1329 644 aliquas
1371 578 1590 627 rursus
1646 559 1713 624 in
1756 554 2086 643 republica
2127 551 2237 616 in-

149 656 368 721 'sidias
410 655 738 721 moliretur
777 651 1008 719 vicinis
1049 655 1173 720 sibi
1214 658 1516 741 gentibus
1573 656 1879 745 expulsiS,
1924 652 2239 739 simulque

176 753 548 819 desiderans
589 771 958 835 germanam
1018 774 1200 820 suam
1253 757 1607 825 Placidiam
1652 754 2063 824 subiectionis
2110 772 2239 837 op-

169 851 434 938 probrio
465 851 758 936 liberare,
802 851 1132 939 paciscens
1163 875 1309 922 cum
1332 858 1731 940 Constantio,
1776 862 1867 941 ut,
1912 858 2037 945 aut⁸
2065 850 2239 917 bello

167 957 281 1017 aut
325 970 484 1039 pace
529 952 636 1017 vel
677 970 935 1038 quoquo
977 954 1171 1021 modo
1216 957 1272 1021 si
1332 976 1471 1023 eam
1534 956 1848 1043 potuisset
1908 954 1993 1019 ad
2052 971 2240 1018 suum

167 1070 436 1135 regnum
498 1050 842 1136 reducere,
924 1052 983 1117 ei
1045 1070 1185 1119 eam
1249 1056 1318 1120 in
1388 1056 1862 1133 matrimonium
1948 1052 2239 1120 sociaret.
2327 1067 2331 1071 ·

173 1150 323 1235 Quo
385 1151 625 1238 placito
687 1150 1097 1218 Constantius
1151 1174 1355 1221 ovans
1412 1176 1557 1221 cum
1610 1157 1799 1245 copia
1852 1158 2241 1221 armatorum

172 1257 240 1317 et
280 1270 488 1338 paene
529 1252 659 1316 iam
699 1251 880 1336 regio
907 1257 1222 1339 apparatu
1250 1254 1598 1342 Hispanias
1626 1256 1809 1343 petit.
1873 1252 1995 1319 Cui
2022 1252 2238 1334 Valia,

171 1370 290 1417 rex
336 1350 729 1436 Gothorum,
774 1371 905 1417 non
947 1353 1176 1418 minori
1217 1356 1552 1441 procinctu
1594 1356 1679 1421 ad
1717 1355 1991 1421 claustra
2032 1353 2240 1437 Pyre-

169 1450 319 1515 naei
361 1451 671 1535 occurrit3
737 1451 852 1517 ubi
907 1452 993 1517 ab
1057 1460 1327 1541 utraque
1380 1461 1563 1541 parte
1616 1436 1939 1539 ‘legatione
1998 1453 2241 1519 directa

171 1551 266 1616 ita
293 1552 593 1618 convenit
620 1552 880 1638 pacisci,
908 1557 980 1618 ut
1003 1552 1379 1639 Placidiam,
1410 1574 1691 1622 sororem
1716 1553 2047 1642 principiS,
2090 1552 2239 1620 red-

176 1645 361 1716 deret
375 1699 393 1735 ,
463 1671 706 1739 suaque
763 1652 992 1717 solatia
1032 1654 1361 1720 Romanae
1418 1654 1809 1741 reipublicae
1828 1703 1847 1736 ,
1915 1651 2029 1717 ubi
2084 1668 2242 1717 usus

179 1751 486 1834 exigeret,
530 1770 660 1817 non
705 1751 1066 1835 denegaret.
1149 1754 1246 1821 Eo
1291 1775 1566 1841 namque
1604 1760 1891 1840 tempore
1922 1751 2243 1819 Constan-

176 1850 354 1915 tinus
398 1849 658 1935 quidam
715 1852 891 1937 apud
937 1850 1178 1919 Gallias
1235 1854 1548 1919 invadens
1603 1853 1974 1940 imperium,
2038 1850 2261 1935 filium„

176 1970 367 2016 suum
420 1950 833 2018 Constantem
893 1970 974 2017 ex
1031 1954 1345 2037 monacho
1406 1953 1643 2018 fecerat
1696 1951 2067 2027 Caesarem3
2124 1948 2243 2013 sed

100 2074 110 2085 ·
178 2072 314 2117 non
357 2052 470 2118 diu
511 2056 736 2117 tenens
793 2071 1063 2137 regnum
1118 2059 1635 2139 praesumptum,
1686 2070 1841 2119 mox
1896 2048 2241 2117 foederatis

174 2150 411 2225 Gothis
453 2150 887 2238 Romanisque
953 2151 1094 2238 ipse
1149 2151 1460 2218 occiditur
1503 2152 1765 2218 Arelato
1782 2199 1803 2229 ‚
1870 2150 2039 2216 filius
2082 2167 2241 2233 vero

173 2250 314 2315 eius
357 2248 632 2315 Vienna.
717 2249 875 2316 Post
943 2268 1104 2336 quos
1162 2250 1316 2316 item
1339 2242 1638 2317 'Jovinus
1700 2270 1777 2315 ac
1822 2248 2241 2316 Sebastianus

171 2350 316 2435 pari
359 2350 713 2416 temeritate
770 2346 1230 2435 rempublicam
1298 2350 1735 2437 occupandam
1782 2347 2239 2430 existimantes,

173 2450 318 2535 pari
367 2448 563 2514 exitio
606 2451 874 2540 periere„
960 2448 1126 2513 Nam
1170 2450 1551 2529 duodecimo
1578 2468 1747 2514 anno
1788 2442 1970 2531 regni
1990 2446 2242 2522 Vanae,

175 2549 436 2635 quando
481 2556 544 2614 et
572 2548 794 2613 Hunni
835 2555 986 2635 post
1028 2566 1232 2633 paene
1276 2549 1737 2635 quinquaginta
1758 2566 1965 2613 annos
2014 2545 2245 2611 invasa

176 2649 516 2715 Pannonia
573 2668 612 2713 a
667 2649 976 2715 Romanis
1035 2655 1098 2713 et
1162 2646 1392 2713 Gothis
1449 2647 1703 2733 expulsi
1756 2650 1945 2724 sunt,
2011 2644 2243 2711 videns

171 2927 473 2991 quicunque
517 2924 727 2975 illorum
769 2931 1058 2991 temporum
1104 2925 1517 2991 conscripserunt
1558 2922 1801 2976 historias
1818 2958 1833 2989 ,
1884 2927 1945 2974 nt
1977 2937 2008 2973 e
2036 2920 2247 2973 Latinis

169 3008 390 3061 Orosius
403 3044 418 3072 ,
458 3009 678 3073 Prosper
699 3045 712 3072 ‚
748 3009 873 3060 Tiro
893 3046 906 3073 ,
956 3008 1294 3059 Cassiodorus
1310 3046 1325 3072 ,
1376 3024 1406 3060 e
1441 3008 1653 3061 Graecis
1682 3022 1807 3059 vero
1842 3004 2247 3073 olympiodorus

167 3092 354 3141 multis
387 3091 544 3156 locis,
581 3091 896 3142 Sozomenus
929 3092 1037 3156 lx,
1076 3094 1158 3147 16.
1193 3092 1574 3158 Phflostorgius
1606 3090 1739 3155 XII,
1772 3093 1823 3139 4.
1857 3089 1931 3139 Et
1960 3091 2037 3139 ita
2067 3088 2246 3152 legen·

168 3173 298 3223 aum
332 3188 462 3239 esse,
497 3175 602 3223 iam
624 3174 976 3225 Leunolavius
1006 3174 1157 3226 vidit.
1193 3200 1256 3211 -
1294 3157 1489 3239 αεῆρεὶ)
1526 3174 1703 3226 Ambr.
1728 3176 1957 3236 aes-19⁶2&
1992 3196 2054 3207 -
2090 3172 2246 3232 ymet-

167 3258 262 3306 bue
297 3258 532 3321 apuleis)
567 3256 660 3309 Sic
688 3272 782 3322 pro
817 3260 1026 3321 repulsi-9
1059 3257 1194 3311 Pau.
1228 3284 1298 3295 —
1328 3262 1375 3306 ai
1396 3284 1453 3293 -——
1470 3260 1711 3320 potuisset
1738 3258 1987 3317 reducere,
2022 3256 2070 3303 es·
2087 3280 2143 3289 —
2165 3266 2245 3300 co-

167 3338 346 3405 daret)
379 3339 464 3389 Ita
483 3340 618 3394 Pan.
652 3347 698 3390 ai
730 3356 842 3391 eam
869 3344 1130 3405 potuisset,
1167 3341 1236 3389 ad
1252 3356 1401 3389 swam
1435 3354 1640 3403 remum
1663 3344 1924 3401 revocaret,
1946 3341 2244 3399 cimae—eo-

171 3426 334 3472 daret
365 3424 544 3488 vulgo.
614 3423 857 3475 Ceterum
902 3422 1057 3475 lectio
1099 3429 1235 3489 etque
1277 3441 1313 3475 a
1343 3423 1597 3474 Rhenano
1642 3428 1749 3475 est:
1798 3432 1921 3473 nam·
1952 3421 2009 3470 in
2042 3418 2125 3469 ed.
2159 3431 2241 3483 pt.

165 3512 224 3557 ei
271 3506 500 3556 tantum*
528 3507 736 3573 legitur.
791 3540 853 3551 -
901 3511 1168 3573 foederatio
1212 3512 1407 3575 Gothia)
1458 3508 1557 3561 Ed.
1592 3506 1876 3558 Lindenbr.
1912 3520 1947 3553 a
1973 3503 2245 3567 foedera&

169 3592 365 3641 Gothis.
420 3616 486 3625 —
512 3591 744 3643 ·Areloeto
761 3618 831 3634 --
855 3592 1075 3659 Vienna)
1123 3594 1389 3643 Revocavi
1436 3594 1575 3643 hanc
1615 3591 1895 3640 lectionem
1946 3602 2013 3637 ex
2046 3585 2127 3639 ed.
2162 3599 2245 3650 pr.

171 3672 319 3739 quod
349 3672 510 3740 vulgo
543 3673 738 3740 legitur
767 3677 963 3727 Ascleta·
995 3680 1051 3726 et
1088 3677 1320 3741 Vaamae,
1356 3692 1391 3727 a
1420 3676 1676 3727 Bhenano
1708 3675 1815 3736 ατς
1849 3669 1945 3723 sed
1974 3668 2083 3721 vid.
2118 3682 2244 3721 ann.
