2567 4084
1121 156 1239 221 15⁷

136 336 309 405 intra
320 338 647 405 Asturiam
659 336 1117 423 Hiber-iamque
1127 340 1582 423 praetermeat3
1597 342 2018 426 consertoque
2028 358 2220 426 proe-

138 436 232 503 lio
254 436 687 503 Theodericus
719 457 864 505 cum
887 434 1297 521 vesegothis,
1326 436 1436 523 qui
1459 456 1541 503 ex
1567 436 1734 515 iusta
1755 442 1936 525 parte
1961 456 2220 525 pugna-

45 534 57 546 '
138 534 324 615 bant,
364 537 571 603 victor
612 535 910 619 efficitur,
968 535 1328 603 suavorum
1371 542 1624 621 gentem
1665 556 1870 625 paene
1928 543 2222 605 cunctam

142 654 351 723 usque
388 636 473 703 ad
511 637 1005 707 internecionem
1040 640 1467 722 prosternens.
1537 636 1826 723 Quorum
1856 656 1970 704 rex
1995 636 2222 704 Ricia-

145 734 283 801 rius
336 735 558 801 relicto
602 736 833 801 infesto
875 735 1059 802 hoste
1103 736 1354 820 fugiens
1375 785 1392 818 ‚
1453 736 1522 801 in
1565 737 1782 802 navim
1827 737 2218 820 conscendit,

148 834 551 922 adversaque
591 835 873 922 procella
901 835 1219 919 Tyrrheni
1262 836 1409 900 ostii
1451 856 1884 922 repercussus,
1927 837 2222 921 Vesego-

152 1078 294 1127 bium
347 1078 593 1128 exhibent
650 1084 702 1128 et
750 1078 991 1143 Epitome
1043 1093 1160 1128 cum
1205 1077 1320 1129 edd.
1383 1078 1604 1128 Urbium.
1674 1077 1777 1130 Sed
1823 1080 1978 1129 unice
2012 1094 2136 1129 vera
2170 1084 2224 1129 et

150 1160 385 1226 genuina
414 1160 625 1211 videtur
654 1161 809 1212 lectio
841 1176 876 1211 a
908 1176 991 1211 me
1023 1164 1250 1227 recepta,
1288 1174 1406 1210 cum
1437 1174 1543 1210 non
1567 1160 1718 1211 modo
1741 1160 1822 1210 ita.
1843 1162 2060 1212 efferant
2081 1162 2225 1213 fluvii

152 1258 345 1295 nomen
376 1242 593 1307 Idatius,
626 1244 857 1296 Isidorus
890 1250 944 1295 et
976 1242 1157 1294 Victor
1190 1243 1364 1294 Tunn-
1400 1242 1459 1292 in
1492 1242 1810 1308 Appendice,
1850 1244 1896 1292 Ο
1930 1258 2225 1308 quanquam

154 1325 419 1377 interdum
464 1341 560 1390 pro
600 1327 642 1375 U
688 1329 856 1391 posito
873 1364 887 1391 ,
938 1326 1029 1377 sed
1070 1326 1227 1378 hodie
1274 1326 1432 1377 etiam
1469 1327 1650 1389 Owiqo
1683 1340 1778 1376 seu
1817 1327 2004 1388 Obreyo
2035 1327 2224 1379 fluvius

155 1410 251 1461 ille
298 1408 607 1459 nominetur.
644 1434 711 1445 -
744 1413 871 1461 inter
902 1408 1208 1477 Astus-icam)
1258 1410 1434 1460 Ambr.
1471 1415 1526 1460 et
1555 1408 1708 1463 Bonf.
1739 1410 2028 1470 Asturioem3
2071 1410 2224 1473 male,

155 1491 205 1543 si
237 1490 436 1553 urbem,
469 1505 577 1541 non
609 1492 928 1555 provinciam
958 1492 1222 1543 intellexit
1252 1492 1502 1543 Iordanis.
1554 1493 1958 1541 Asturicoeenim
1993 1495 2227 1543 nomina·

158 1580 251 1625 tur
283 1571 378 1623 illa
412 1574 675 1624 veteribus
708 1574 840 1623 Plin.
877 1574 947 1624 H.
984 1576 1049 1626 N.
1085 1574 1181 1638 111,
1210 1577 1269 1637 ·.4,
1305 1580 1359 1625 et
1390 1574 1685 1625 Ptolemaeo
1721 1574 1794 1639 H,
1829 1576 1878 1639 6,
1913 1576 1995 1625 36.
2037 1602 2094 1610 ——
2134 1578 2226 1625 Hi·

157 1658 465 1722 beriamquc)
498 1656 617 1708 Hoc
650 1668 836 1707 nomen
868 1672 1044 1710 omnes
1074 1660 1202 1710 licet
1234 1664 1289 1709 et
1321 1658 1502 1723 scripti
1535 1663 1589 1707 et
1622 1657 1858 1722 impressi
1881 1657 2066 1708 sistant
2086 1658 2224 1722 libri,

154 1740 247 1791 hio
296 1745 498 1804 tamen,
548 1741 595 1790 si
628 1740 859 1789 Asturica
910 1725 989 1789 est
1030 1754 1157 1791 vera
1194 1740 1384 1803 lectio,
1432 1754 1539 1790 non
1583 1745 1756 1803 potest
1799 1741 1970 1790 locum
2012 1738 2232 1809 habere.¹

156 1824 473 1889 Hispaniam
527 1821 733 1887 quidem
786 1827 840 1870 et
889 1821 1057 1885 ipsam
1098 1823 1324 1873 Iberiam
1375 1822 1534 1872 fuisse
1577 1823 1892 1886 appellatam
1906 1860 1920 1886 ,
1969 1825 2229 1874 neminem

156 1906 325 1973 fugit3
362 1911 418 1955 at
451 1906 565 1969 quis
599 1904 673 1953 ita
704 1902 913 1953 tandem
945 1904 1200 1969 loquitur:
1248 1904 1473 1956 Urbicus
1507 1904 1822 1968 (Hispaniae
1855 1903 2068 1969 flumen)
2101 1908 2230 1955 inter
2297 1924 2314 1941 ν

158 1991 447 2040 Asturicum
498 1994 545 2038 et
588 1988 841 2036 Hiberiam
895 1987 935 2036 i.
972 2002 1017 2037 e.
1052 1987 1362 2055 Hispaniam
1403 1992 1773 2052 praetermeat?
1837 1986 1962 2037 Fuit
1985 1968 2057 2037 ‘ct'
2089 1987 2229 2037 lbera

158 2073 285 2123 urbs
330 2073 397 2123 ab
442 2070 584 2121 Iberi
618 2070 671 2120 fl.
710 2070 842 2120 ostio
884 2086 989 2121 non
1023 2072 1240 2123 multum
1274 2070 1498 2133 distans,
1553 2076 1608 2122 at
1641 2070 1772 2121 haec
1805 2075 2000 2135 quanto
2033 2074 2231 2121 remota
2305 2126 2312 2133 .

160 2161 243 2207 est
275 2170 341 2205 ea
372 2156 439 2206 ab
464 2153 660 2205 Urbico
694 2158 748 2202 et
765 2152 1004 2203 Asturica
1034 2154 1348 2205 intervallo?
1406 2153 1817 2217 Accommodaoe,
1853 2151 1990 2219 quod
2011 2152 2081 2202 ad
2101 2166 2227 2217 rem,

162 2238 429 2301 Lcyionem
461 2252 555 2302 pro
579 2235 785 2284 Hiberia
821 2234 1033 2287 exhibet
1052 2237 1362 2289 Rodericus:
1399 2242 1453 2287 at
1485 2237 1756 2302 utriusque
1789 2234 2012 2287 nominis
2045 2234 2231 2287 ductus

158 2320 430 2371 literarum
481 2336 639 2385 quum
676 2320 837 2371 'nimis
883 2320 1200 2383 discrepent,
1250 2336 1404 2385 quam
1447 2328 1507 2373 ut
1553 2336 1582 2372 e
1616 2322 1828 2384 Lcyionc
1860 2318 2066 2368 Hiberia
2115 2318 2226 2369 siv'c

162 2404 331 2453 Iberia
383 2401 611 2469 potuerit
654 2400 793 2465 fieri,
844 2416 1052 2463 vereor,
1102 2416 1169 2453 ne
1212 2402 1450 2455 Iordanis
1490 2405 1605 2468 ipse
1649 2416 1873 2453 errorem
1906 2401 2232 2465 commiserit,

160 2484 553 2551 Rodericusque
586 2503 692 2539 non
724 2492 832 2539 tam
854 2488 1115 2550 Leyionem
1146 2486 1201 2534 in
1234 2486 1370 2537 libro
1405 2501 1498 2537 suo
1519 2485 1786 2550 repererit,
1823 2498 1979 2547 quam
2001 2488 2233 2533 nostrum

161 2569 241 2619 rei
288 2571 657 2621 convenienter
694 2575 755 2621 ut
800 2570 953 2619 homo
988 2568 1253 2632 Hispanus
1295 2568 1590 2619 correxerit.
1661 2568 1810 2617 Haec
1854 2568 2133 2633 hactenns,
2187 2568 2234 2619 si

162 2650 451 2701 Asturicum
486 2654 692 2717 scripsit
724 2651 961 2703 Iordanis
974 2668 990 2701 ς
1025 2656 1081 2701 at
1114 2652 1157 2702 si
1192 2652 1348 2702 lectio
1380 2651 1641 2700 Astiis-iam
1675 2650 1742 2700 ab
1778 2664 1842 2701 eo
1873 2650 2104 2713 prosecta
2137 2654 2233 2717 est,

163 2748 251 2785 res
292 2735 445 2787 aliter
477 2750 533 2787 se
567 2737 741 2787 habet.
809 2736 945 2785 Tum
980 2734 1153 2784 Iberia
1186 2748 1340 2784 sensu
1373 2732 1597 2783 strictori
1631 2746 1797 2797 eoque
1833 2735 2114 2800 antiquiori
2149 2740 2230 2786 est

166 2818 425 2884 capienda
438 2854 452 2882 ,
506 2835 608 2884 quo
655 2833 719 2868 ea
760 2824 963 2869 tantum
994 2818 1287 2882 Hispaniae
1327 2817 1471 2883 regio
1485 2853 1500 2881 ,
1551 2830 1686 2881 quae
1717 2814 1870 2868 Ibero
1913 2818 1966 2867 fi.
2003 2818 2236 2882 proxima

164 2904 331 2962 esset,
390 2898 555 2950 Iberia
596 2900 736 2951 dicta
776 2906 869 2952 est.
936 2901 1020 2951 Ita
1067 2900 1270 2951 etiamsi
1315 2900 1498 2952 erroris
1549 2900 1818 2952 absolutus
1871 2902 1940 2952 sit
1979 2900 2232 2964 Iordanis,

164 2980 515 3032 confitendum
548 2988 723 3033 tamen
756 2983 977 3034 candide
992 3021 1005 3048 ,
1054 2982 1428 3035 incommodius
1459 2984 1549 3034 vix
1583 2983 1801 3049 exprimi
1831 2983 2067 3048 potuisse
2099 2985 2234 3044 loca,

165 3078 263 3129 per
296 3080 431 3129 quae
464 3066 627 3117 fertur
656 3066 899 3117 Urbicus.
926 3094 993 3105 --
1010 3067 1330 3130 pugnabant)
1364 3065 1448 3115 Ita
1479 3082 1573 3131 pro
1606 3068 1748 3132 vulg.
1781 3066 2039 3129 puymbat
2058 3065 2235 3118 Ambr-

169 3174 232 3185 —
254 3153 608 3211 aerumpnam
618 3146 867 3214 muctam)
902 3148 992 3200 Sic
1008 3149 1141 3199 Pall.
1162 3148 1306 3213 Epit.
1327 3148 1406 3199 ed.
1419 3149 1534 3199 Par.
1553 3148 1808 3214 nisiquod
1817 3148 1948 3199 haec
1965 3153 2124 3197 totam
2143 3162 2237 3212 pro

168 3235 401 3281 cunctam
437 3231 601 3293 sistit3
636 3234 795 3292 ymtes
811 3245 976 3293 paene
998 3237 1197 3281 cunctas
1214 3232 1389 3297 vulg-o.
1405 3258 1464 3269 —
1488 3234 1657 3283 relicto
1677 3233 1852 3294 Westo
1871 3232 2004 3280 hoste
2015 3226 2235 3291 [nytera-v)

168 3310 269 3363 Sic·
282 3312 459 3363 Ambr.
494 3326 613 3363 cum
634 3312 739 3377 Mg.
764 3312 878 3365 Par.
895 3327 993 3363 nec
1008 3326 1115 3363 non
1136 3312 1267 3362 Pall.
1285 3312 1389 3363 nisi
1407 3311 1544 3377 quod
1562 3316 1734 3363 relicta
1748 3313 1958 3374 chm3
1995 3326 2048 3360 v.
2063 3314 2239 3361 relicta

166 3394 357 3459 &nfecta
385 3397 593 3445 victoria
625 3396 811 3445 hostem
836 3398 1046 3459 moieno.
1080 3420 1148 3433 -
1180 3400 1239 3446 in
1268 3400 1443 3446 navim
1477 3396 1778 3461 consectum)
1847 3393 2025 3444 Ambr.
2059 3408 2236 3444 navem

169 3478 451 3527 conscendit
484 3480 539 3527 et
572 3476 715 3541 Epit.
751 3482 942 3529 naum.
978 3506 1047 3515 —
1086 3478 1322 3543 nus-lacni
1353 3480 1486 3544 ostii)
1535 3478 1596 3530 Si
1627 3479 1781 3531 lectio
1818 3482 1898 3528 est
1928 3492 2074 3542 sana,
2109 3476 2239 3527 mul-

166 3563 285 3611 tum
316 3558 557 3611 dissentit
590 3574 623 3610 a
652 3566 829 3611 nostro
852 3560 1069 3627 Idatius,
1104 3562 1197 3627 qui
1213 3563 1528 3612 Rcchiarium
1558 3562 1636 3612 ait
1659 3560 1728 3609 ad
1750 3564 1928 3621 locum,
1962 3563 2045 3623 qm
2066 3559 2241 3611 Portu-

171 3644 280 3691 calc
338 3646 641 3707 appelletur,
706 3644 975 3707 prasinum
1020 3648 1124 3708 reos
1180 3646 1470 3717 Theoderico
1513 3647 1766 3709 captivum
1809 3643 2079 3693 adductum
2121 3659 2238 3697 cose.
