2567 4084
1292 159 1378 224 54

295 343 572 430 Gepidia
613 343 878 426 dicitur,
932 345 1087 408 tunc
1150 340 1234 406 ab
1293 340 1535 408 oriente
1577 340 1919 426 Roxolani,
1987 340 2071 406 ab
2140 361 2377 410 occasu

293 443 588 528 Iazyges,
631 462 672 507 a
711 440 1144 528 septentrione
1163 441 1494 507 Sarmatae
1530 443 1595 506 et
1622 439 1994 525 Bastarnae,
2032 459 2072 505 a
2107 440 2378 508 meridie

295 542 501 608 amnis
544 542 822 608 Danubii
881 542 1242 609 terminant.
1370 539 1537 606 Nam
1586 539 1863 626 Iazyges
1917 559 1962 606 a
2016 540 2379 608 Roxolanis

249 665 266 682 ·
293 639 494 707 Aluta
525 646 777 708 tantum
809 641 1010 708 fluvio
1037 643 1477 726 segoegantur.
1538 639 1627 703 Et
1649 638 1801 726 quia
1820 637 2108 704 Danubii
2134 639 2377 705 mentio

294 737 466 805 faeta
507 745 638 822 est,
681 759 814 805 non
854 738 939 804 ab
980 758 1052 805 re
1094 738 1309 804 iudico
1348 757 1558 824 pauca
1600 739 1679 804 de
1731 737 1845 803 tali
1886 757 2071 804 amne
2114 739 2377 824 egregio

298 836 604 903 indicare.
666 838 832 904 Nam
874 838 1002 922 hic,
1047 838 1116 904 in
1137 835 1574 903 Alamannicis
1618 837 1789 902 arvis
1824 837 2141 920 exorienS,
2185 855 2377 902 sexa-

294 935 476 1020 ginta
515 935 714 1003 habet
755 955 796 1000 a
835 936 1012 1004 fonte
1053 957 1170 1003 suo
1213 936 1479 1002 flumina
1518 955 1719 1021 usque
1763 935 1847 1000 ad
1890 936 2056 1001 ostia
2094 935 2163 1002 in
2196 935 2377 1002 Pon-

294 1036 435 1098 tum
489 1035 840 1120 mergentia
858 1084 877 1119 ,
931 1055 1048 1121 per
1105 1035 1277 1101 mille
1337 1035 1755 1102 ducentorum
1804 1053 2113 1120 passuum
2174 1034 2379 1100 millia

297 1254 538 1314 ter-quam
571 1249 709 1316 quod
741 1251 974 1303 nondum
995 1251 1142 1317 dixit,
1175 1253 1396 1302 Daciam
1420 1250 1662 1302 Gothiam
1698 1263 1811 1300 esse
1842 1252 2097 1311 vocatam,
2118 1247 2379 1312 respicere

301 1332 510 1384 videtur
539 1339 714 1386 noster
743 1334 814 1384 ad
843 1336 942 1386 ms
977 1333 1150 1388 Orosii
1179 1333 1236 1398 Ι,
1272 1335 1322 1382 2.
1354 1337 1411 1382 in
1441 1334 1605 1383 medio
1638 1334 1820 1394 Dacia,
1854 1332 1940 1380 ubi
1974 1336 2023 1381 et
2058 1332 2263 1392 Gothia,
2300 1331 2379 1382 ita

301 1417 364 1466 ut
395 1415 646 1466 maiorum
678 1417 889 1468 nomine
923 1416 1137 1468 Orosius
1171 1416 1238 1466 sit
1267 1415 1661 1482 intelligendus.
1728 1413 1883 1463 Iuvat
1915 1413 2131 1464 fortasse
2175 1415 2381 1464 coniec—
2454 1455 2460 1461 .

299 1500 500 1546 cturam
531 1495 799 1564 Epitome,
846 1501 902 1550 in
947 1515 1052 1566 qua
1092 1499 1311 1565 legitur:
1353 1513 1475 1562 quae
1508 1499 1673 1546 Dacia
1716 1499 1837 1545 olim
1868 1497 1997 1558 fuit,
2040 1498 2155 1556 post
2192 1495 2379 1543 Gothia

297 1577 436 1627 dicta
468 1585 556 1643 est,
591 1583 758 1630 exinde
793 1583 1021 1645 Gepidia.
1059 1609 1128 1622 -
1174 1581 1406 1646 Gepidia)
1439 1581 1524 1631 Ita
1558 1581 1779 1631 correxit
1810 1581 2125 1630 Rhenanus:
2160 1591 2286 1626 nam
2321 1578 2379 1626 in

299 1660 385 1714 ed.
417 1675 497 1726 pr.
537 1665 730 1727 Gepida
761 1664 967 1729 legitur.
1007 1695 1064 1706 —
1115 1663 1377 1730 Roxolani)
1424 1663 1575 1713 Haec
1617 1664 1776 1714 lectio
1823 1661 2078 1712 Rhenano
2128 1659 2375 1711 debetur:

299 1757 424 1793 nam
455 1744 512 1793 in
545 1744 628 1796 ed.
660 1761 738 1810 pr.
775 1748 930 1797 sicuti
974 1752 1027 1798 et
1068 1748 1126 1797 in
1158 1747 1292 1799 Pan.
1326 1746 1597 1796 Aroaeolam·
1628 1746 1847 1811 legitur:
1884 1744 2069 1795 Ambr.
2104 1744 2380 1794 Arcanum·

297 1825 527 1891 exhibet,
561 1827 667 1894 Mg.
703 1830 822 1880 Par.
847 1830 1132 1893 Arozoltmi,
1149 1829 1297 1894 Epit.
1319 1830 1609 1880 Araaeolam'.
1628 1855 1695 1867 -
1712 1825 1933 1892 Iazyyes)
1968 1825 2057 1878 Sic
2087 1826 2221 1876 Pau.
2258 1841 2379 1878 cum

297 1908 476 1962 Ambr.
509 1909 613 1961 nisi
645 1911 783 1976 quod
815 1915 836 1960 ι·
866 1927 960 1977 pro
993 1929 1026 1975 y
1056 1912 1113 1963 in
1145 1912 1245 1962 hoc
1288 1913 1537 1977 scriptum
1569 1911 1788 1976 legitur:
1836 1910 1943 1975 Mg.
1978 1910 2098 1964 Par.
2140 1912 2374 1973 Ταείρεες

297 2003 350 2043 v.
393 1992 691 2047 Temenites.
726 2020 786 2030 —
823 1993 1128 2059 Bastarnae)
1163 1991 1313 2044 Haec
1344 1994 1503 2044 etiam
1533 1995 1690 2046 lect-io
1736 2009 1771 2044 a
1802 1993 2057 2044 Rhenano
2103 1997 2209 2043 esta
2254 2007 2379 2042 nam

298 2070 358 2122 in
391 2073 471 2126 011⁴
506 2091 584 2140 pr.
609 2077 892 2126 Bastaenae
922 2075 1140 2142 legitur3
1175 2091 1349 2140 neque
1380 2077 1673 2142 respuenda
1704 2076 1861 2128 lectio
1894 2075 2037 2141 Epit.
2070 2077 2374 2126 Basternae.-

297 2169 424 2206 mm
457 2162 679 2222 utraque
709 2159 934 2210 nominis
967 2160 1132 2209 forma
1165 2159 1387 2210 occurrit
1418 2160 1563 2225 apud
1594 2165 1811 2212 veteres.
1838 2185 1902 2197 —
1936 2162 2103 2210 amnis
2126 2158 2376 2222 Danubii)

297 2234 391 2288 Sic
432 2238 568 2294 Pau.
608 2239 873 2293 locutione
917 2247 972 2292 et
1006 2241 1144 2293 alias
1183 2247 1361 2293 nostro
1406 2250 1659 2308 usurpata
1702 2249 1764 2294 ut
1806 2257 1967 2307 supra
2010 2258 2055 2292 c.
2093 2243 2143 2296 5.
2186 2242 2377 2306 fiumen

304 2321 556 2385 vistulae,
598 2323 738 2373 infra
769 2339 814 2374 c.
849 2325 932 2374 43.
963 2325 1154 2389 flumen
1186 2325 1374 2386 Ligeris
1413 2329 1467 2374 et
1500 2339 1543 2374 o.
1581 2327 1663 2376 55.
1700 2329 1867 2376 amnis
1899 2325 2125 2374 Danubii
2154 2324 2372 2374 iterum:

299 2416 459 2468 quam
492 2420 652 2470 quum
684 2407 736 2456 h.
771 2407 808 2461 1.
841 2421 952 2457 non
981 2411 1365 2471 concoquerent
1396 2407 1613 2471 librarii,
1644 2408 1959 2458 infer-serunt
1986 2407 2201 2472 fluenta,
2238 2404 2377 2471 quod

299 2500 409 2538 non
437 2488 597 2554 vulgo
643 2490 812 2540 solum
844 2490 1037 2555 legitur
1051 2525 1065 2554 ,
1113 2489 1206 2540 sed
1250 2490 1309 2540 in
1340 2490 1472 2540 Exc-
1508 2491 1667 2541 etiam
1712 2495 1765 2540 et
1796 2489 1941 2554 Epit.
1978 2515 2045 2527 —
2078 2489 2373 2554 terminant)

297 2567 514 2621 Mallem
558 2572 896 2622 terminabant
951 2573 1016 2624 ob
1062 2573 1377 2638 particulam
1423 2579 1552 2624 ωηο.
1587 2599 1654 2611 -
1701 2571 2239 2639 Ναηι-εερνεραηίιιή
2288 2571 2378 2624 Sic

299 2651 410 2703 fere
440 2652 575 2704 Pau.
611 2654 720 2706 fere
751 2657 988 2722 inquam,
1025 2671 1148 2706 :nam
1179 2657 1395 2706 habent.
1431 2671 1553 2705 nam
1585 2671 1759 2720 azyyes
1794 2658 1857 2706 ab
1891 2658 2186 2707 Aromzanis
2216 2657 2377 2706 Alata

295 2733 452 2798 fluvio
495 2750 591 2798 seq.
663 2735 873 2789 GRUT.
917 2738 1097 2792 Ambr.
1137 2753 1308 2804 paene
1350 2753 1469 2790 cum
1512 2738 1647 2788 Pall.
1698 2739 1980 2801 consentin
2025 2739 2187 2790 habet
2233 2740 2377 2790 enim

297 2832 424 2866 nam
454 2818 630 2880 Aziqes
675 2820 738 2868 ab
782 2820 1078 2870 Arooeolanis
1122 2822 1280 2871 Alata
1326 2827 1493 2872 tamen
1532 2823 1719 2887 fluvt‘o:
1764 2823 1921 2872 Aluta
1963 2822 2023 2872 in
2064 2823 2172 2888 Mg.
2216 2822 2375 2874 etiam

296 2898 414 2950 Par.
439 2898 646 2966 legitur.
716 2901 947 2967 Vulgata
978 2902 1136 2954 lectio
1169 2904 1299 2955 satis
1328 2904 1523 2969 inepte,
1564 2906 1843 2954 Tamazites
1877 2920 1913 2954 a
1932 2893 2198 2956 Roxolanis
2230 2909 2372 2956 alveo

297 2987 500 3032 tanum
527 2982 676 3047 fluvii
705 2990 1034 3048 seyr-equatur.
1069 3013 1138 3023 —
1169 2988 1237 3036 Et
1269 2985 1407 3054 quia)
1440 2988 1525 3038 Ita
1560 2986 1697 3053 dedi,
1734 2985 2013 3038 Gruterum
2044 2992 2285 3048 secutum
2320 3003 2371 3036 v.

296 3064 395 3114 Sed
428 3069 560 3128 quia.
599 3095 660 3108 -
695 3066 902 3135 eyn-eyia)
937 3067 1027 3120 Sic
1058 3069 1192 3120 Pau.
1230 3086 1348 3121 cum
1380 3071 1557 3124 Ambr.
1589 3087 1639 3120 v.
1676 3075 1885 3134 equ-eyia.
1918 3097 1978 3108 -
1998 3068 2369 3135 Alamannici-⁹)

295 3146 382 3200 Its
427 3148 643 3200 exhibui
686 3151 1056 3214 praeeuntibus
1101 3152 1207 3220 Mg.
1240 3153 1358 3204 Par.
1404 3159 1457 3204 et
1493 3152 1639 3206 Grut.
1688 3153 1781 3204 sed
1812 3154 1987 3203 Ambr.
2025 3155 2371 3216 Alamaynieso

293 3233 449 3299 sistit,
473 3233 553 3284 ed.
578 3234 860 3285 Lindenbr.
883 3236 1213 3298 Akmonia-⁹,-
1246 3237 1405 3301 vulgo
1440 3240 1493 3286 et
1524 3237 1583 3286 in
1614 3237 1757 3301 Epit.
1780 3237 2057 3286 Almanicis
2080 3236 2371 3302 legitur.—

295 3315 590 3384 merae-ntia)
613 3319 732 3370 Hoc
751 3333 848 3383 pro
869 3319 1009 3384 vulg.
1023 3322 1273 3382 cernentia
1296 3319 1473 3373 Ambr.
1498 3319 1724 3384 exhibet,
1748 3324 1809 3369 ut
1828 3324 2005 3369 noster
2025 3319 2182 3368 etiam
2204 3319 2369 3384 loqui·

295 3402 384 3448 tur
413 3399 550 3450 inira
583 3415 626 3450 c.
665 3403 744 3451 16.
781 3404 910 3450 ostia
942 3402 1170 3452 Danubio·
1199 3402 1357 3452 Ponto
1390 3406 1675 3465 meryenlia.
1722 3429 1783 3440 —-
1820 3417 1911 3466 per
1942 3404 2082 3454 mille
2117 3402 2367 3450 duceretur.

290 3494 538 3542 passuum
569 3482 756 3550 maia)
799 3483 976 3534 Ambr-
1006 3499 1101 3546 ρει·
1139 3486 1282 3534 Voo.
1350 3483 1415 3534 In
1456 3484 1645 3536 mendo
1690 3485 1882 3536 cubare
1921 3485 2095 3534 locum
2138 3498 2281 3532 non
2292 3486 2371 3534 est

297 3560 532 3632 dubium,
565 3566 794 3616 numeris
817 3579 1112 3630 quanquam
1143 3580 1250 3616 non
1283 3571 1391 3616 tam
1425 3567 1679 3633 corruptis
1713 3581 1869 3631 quam
1900 3581 2061 3632 prave
2094 3565 2365 3630 expressis·

297 3641 415 3709 Ego
449 3643 750 3698 crediderim
763 3684 778 3712 ‚
823 3648 1064 3714 primitus
1103 3649 1353 3714 scriptum
1394 3650 1555 3702 fuisse
1602 3653 1710 3702 XII
1742 3665 1987 3714 passuum
2028 3652 2197 3700 millia
2245 3648 2280 3698 i.
2316 3663 2361 3700 e.
