2567 4084
1284 142 1405 209 156

318 323 590 389 Romani
635 323 814 389 ducis
832 358 882 407 ‚x
905 332 1423 410 monumentum,
1468 344 1510 391 a
1552 325 1985 411 septentrione
2026 326 2379 405 Oceanum,

313 441 354 487 a
395 422 656 487 meridie
681 423 1078 491 Lusitaniam
1123 431 1184 489 et
1225 425 1494 491 fluvium
1525 426 1797 509 Tagum,
1845 426 1955 511 qui
1996 427 2205 493 arenis
2248 428 2381 495 suis

315 522 704 608 permiscens
747 523 886 588 auri
929 524 1203 604 metalla,
1247 524 1444 590 trahit
1490 544 1633 590 cum
1662 525 1795 590 limi
1824 524 2071 592 vilitate
2102 526 2380 593 divitias.

313 620 564 688 Exinde
630 641 780 707 ergo
840 622 1060 689 exiens
1115 623 1432 689 Riciarius
1452 672 1468 705 ‚
1539 643 1655 689 rex
1700 624 2093 705 suavorum,
2158 626 2383 692 nititur

312 725 516 787 totam
557 720 938 807 Hispaniam
979 741 1312 809 occupare.
1401 723 1521 791 Cui
1565 724 2021 807 Theodericu3‚
2068 722 2380 809 cognatus

315 840 492 899 ειιιιε,
535 828 610 885 ut
651 826 788 883 erat
827 819 1194 888 moderatus
1213 872 1230 901 ‚
1273 823 1523 907 legatos
1565 824 1844 909 mittens,
1890 825 2152 911 pacifice
2194 824 2381 910 dixit,

315 926 388 987 ut
439 940 568 985 non
623 919 828 987 solum
871 921 1197 989 recederet
1238 942 1277 990 a
1318 923 1557 991 finibus
1600 922 1825 989 alienis
1844 972 1862 1003 ‚
1926 944 2147 989 vorum
2188 925 2382 991 etiam

316 1037 436 1085 nec
476 1025 723 1084 tentare
749 1027 1202 1106 praesumeret,
1236 1022 1455 1089 odium
1486 1022 1611 1087 sibi
1643 1022 1757 1087 tali
1784 1022 2132 1089 ambitione
2160 1024 2384 1110 acqui-

315 1138 480 1183 rens.
543 1116 660 1183 Ille
703 1138 858 1184 vero
901 1125 1114 1185 animo
1156 1120 1560 1207 praetumido
1604 1121 1725 1186 ait:
1770 1122 1827 1187 si
1867 1122 1971 1187 hic
2004 1142 2380 1207 mmmmm,

311 1214 384 1286 'ct
421 1236 523 1283 me
566 1218 785 1284 venire
827 1220 1130 1304 causaris⁹
1175 1220 1510 1301 Tolosam,
1554 1220 1667 1287 ubi
1712 1227 1783 1286 tu
1828 1221 2014 1287 sedes
2033 1270 2050 1303 ,
2096 1222 2383 1309 veniam3

283 1315 407 1383 ibi
470 1316 524 1381 si
589 1316 765 1385 vales
783 1366 800 1401 ‚
864 1319 1107 1384 resiste.
1216 1318 1338 1383 His
1402 1318 1638 1384 auditis
1705 1339 1895 1404 aegre
1955 1319 2101 1386 tulit
2165 1320 2384 1387 Theo-

319 1416 566 1483 dericus
584 1465 601 1500 ‚
683 1423 1218 1504 compacatusque
1306 1438 1450 1484 cum
1530 1420 1755 1485 ceteris
1810 1418 2141 1504 gentibus,
2206 1439 2385 1485 arma

217 1570 222 1577 .
317 1517 520 1583 movit
559 1516 624 1581 in
653 1516 926 1599 Suav08,
969 1518 1504 1601 Burgundionum
1536 1539 1790 1606 quoque
1817 1506 2268 1586 Gnudiuchum
2316 1526 2382 1585 et

317 1617 470 1703 Hilp
485 1616 722 1683 ericum
800 1636 982 1700 reges
1051 1617 1395 1683 auxiliares
1461 1617 1709 1683 habens
1772 1618 2025 1704 sibique
2091 1619 2379 1685 devotos,

317 1718 602 1787 Ventum
648 1721 744 1781 est
785 1716 870 1781 ad
913 1721 1227 1781 certamen
1273 1717 1454 1781 iuxta
1508 1717 1745 1783 flumen
1800 1716 2109 1783 Urbicum
2130 1765 2148 1800 ,
2208 1717 2382 1804 quod

317 1981 686 2041 Auser-symaions
722 1976 1036 2043 (Geograph.
1075 1977 1206 2029 Rav.
1240 1978 1335 2041 IV,
1372 1974 1480 2043 42.)
1514 1977 1833 2029 nominatam
1870 1991 1997 2029 esse.
2022 2007 2086 2016 —
2112 1992 2145 2025 α
2178 1980 2383 2027 mendic

319 2064 610 2125 -Ταριιπή
647 2061 970 2111 Lusitaniam
1005 2075 1122 2109 eum
1158 2059 1383 2110 Gallicia
1417 2060 1506 2126 qui
1528 2060 1851 2111 Lusitaniam
1886 2074 1919 2109 a
1952 2058 2165 2111 meridie
2196 2060 2391 2111 habere

317 2146 499 2210 possit,
535 2158 693 2207 quum
725 2158 830 2192 non
865 2142 1085 2206 videam,
1119 2143 1220 2193 hoc
1251 2158 1445 2194 nomen
1478 2150 1774 2210 corruptum
1808 2158 1919 2194 esse
1941 2142 2115 2193 iudico
2139 2142 2389 2208 aliudque

321 2228 370 2281 ci
419 2223 848 2279 substituendum.
919 2224 1059 2287 Quid
1089 2226 1137 2275 si
1167 2226 1314 2291 legas
1348 2212 1706 2292 bmsipomm,
1755 2232 1815 2277 ut
1847 2225 1986 2290 apud
2018 2224 2181 2276 Solin.
2220 2241 2263 2275 c.
2300 2228 2383 2289 23,

324 2315 372 2367 ,6.
401 2313 448 2365 7.
474 2309 560 2361 vel
591 2310 767 2374 potius
791 2309 1136 2372 olysiponam,
1173 2309 1429 2373 quomodo
1453 2308 1729 2361 Ravennas
1750 2309 1845 2371 IV,
1880 2310 1962 2357 43.
1990 2323 2176 2358 nomen
2201 2308 2385 2358 effert?

321 2396 474 2459 Quod
505 2408 693 2445 nomen
725 2392 1016 2443 inauditum
1049 2392 1273 2441 librariis
1308 2406 1467 2455 quum
1502 2403 1669 2456 neque
1704 2380 2162 2455 pronunciatione,
2215 2404 2387 2455 neque

319 2479 483 2531 literis
527 2492 560 2528 a
591 2476 896 2527 Lusitaniae
939 2475 1147 2525 nomine
1191 2474 1346 2525 valde
1380 2474 1610 2538 differat,
1662 2490 1755 2539 pro
1790 2478 2027 2537 corrupto
2060 2472 2299 2523 habitum
2330 2473 2389 2523 in

318 2563 500 2613 notum
544 2560 706 2625 magis
753 2565 834 2609 est
876 2562 1144 2607 mutatum.
1225 2558 1381 2608 Iuvat
1428 2556 1803 2622 quodammodo
1853 2557 1990 2605 hanc
2037 2555 2388 2606 coniecturam

323 2646 518 2697 iniecta
557 2645 681 2705 Τιῳδ
731 2642 950 2705 mentio,
1006 2642 1154 2693 cuius
1203 2656 1392 2692 nomen
1434 2655 1553 2691 cum
1587 2640 1873 2705 Olisiponis
1921 2640 2154 2689 iunctum
2195 2638 2390 2703 legitur

327 2727 470 2793 apud
503 2726 634 2777 alios
667 2739 871 2791 quoque
909 2730 969 2775 ut
1000 2724 1124 2777 Mel.
1160 2724 1258 2787 111,
1298 2723 1512 2781 1.„1³11n.
1545 2722 1618 2777 Η.
1640 2722 1823 2775 N.1.1.
1848 2726 1903 2772 et
1923 2720 2071 2787 VIII,
2105 2722 2187 2771 67.
2222 2720 2390 2771 Solin.

319 2811 354 2862 l.
389 2811 425 2860 1.
461 2814 514 2859 et
545 2808 762 2859 Ptolom.
798 2807 868 2859 11.
905 2808 954 2870 5,
989 2808 1040 2855 4.
1075 2834 1144 2845 —
1177 2823 1323 2867 aequ-e
1355 2804 1492 2871 tulit)
1527 2806 1702 2855 Ambr.
1738 2808 1829 2853 hoc
1860 2808 2041 2857 retulit.
2062 2831 2130 2841 -
2152 2806 2388 2867 Burman-

323 2887 748 2955 aeonum-reyes)
804 2890 936 2940 Pau.
971 2892 1394 2953 Burytmdzonum
1429 2888 1515 2955 (de
1558 2904 1659 2953 qua
1691 2890 1915 2939 nominis
1946 2888 2111 2939 forma
2143 2904 2193 2937 v.
2232 2903 2391 2953 supra

323 2976 392 3029 ad
443 2991 486 3025 c.
537 2975 646 3034 17.)
665 3010 678 3036 ,
733 2973 839 3038 ΜΕ.
875 2972 991 3023 Par.
1026 2974 1423 3035 Buryudionum.
1454 2997 1523 3009 --
1560 2970 1927 3037 Gnudiuchum)
1996 2970 2085 3023 Sic
2128 2971 2260 3020 Pall.
2298 2970 2391 3021 sed

321 3060 496 3109 Ambr.
521 3054 1117 3119 Gnunodiuchiumfflpit.
1141 3056 1467 3115 Gundichum,
1481 3054 1633 3107 Bonf.
1660 3056 1937 3107 (fundicum
1947 3075 1967 3116 ,·
1985 3071 2031 3104 v.
2050 3056 2383 3105 Gmcdiacum.

320 3126 437 3193 Non
481 3140 688 3191 videtur
720 3143 896 3189 tamen
927 3138 986 3188 in
1015 3139 1240 3190 lectione
1271 3139 1405 3188 Pau.
1441 3137 1873 3202 acquiescendum
1886 3175 1899 3202 ,
1949 3138 2041 3189 sed
2074 3138 2391 3203 transposita

321 3241 428 3277 una
473 3229 674 3275 tantum
709 3222 862 3271 litera
897 3223 1242 3273 Gunda'uchum
1281 3221 1558 3287 legendum
1590 3222 1703 3280 vel,
1749 3226 1809 3270 ut
1852 3221 2017 3271 Hadr.
2066 3221 2279 3271 Valesio
2322 3220 2390 3270 de

325 3307 455 3358 Rcb.
478 3307 711 3357 Francic.
737 3320 787 3369 p.
816 3306 930 3355 138.
949 3303 1140 3368 placet,
1181 3306 1513 3366 Gundincum,
1548 3303 1616 3354 ad
1651 3318 1777 3367 quas
1801 3304 1989 3355 formas
2013 3303 2209 3354 ducunt
2232 3303 2388 3353 etiam

327 3390 630 3441 &audivimas
674 3402 768 3439 seu
814 3384 1150 3437 Gundeuchus'
1183 3386 1419 3452 Gregorii
1465 3387 1587 3439 Tur.
1624 3387 1705 3451 11,
1758 3387 1839 3437 28.
1880 3387 2165 3437 Gunduicm
2198 3384 2391 3435 Hilarii

321 3456 450 3537 Pap.
483 3472 633 3536 epist.
661 3473 744 3523 10.
773 3473 1086 3523 Gundiochus
1107 3470 1383 3535 Fredegar.
1405 3485 1447 3519 c.
1478 3472 1559 3519 17.
1586 3474 1639 3519 et
1662 3470 1947 3519 Gtmdevem
1972 3466 2117 3519 Gcst.
2142 3469 2388 3519 Francor.

323 3571 369 3607 c.
403 3556 454 3606 9.
489 3582 555 3593 ·-
591 3552 916 3619 Hilpen‘cum)
949 3552 1092 3618 Epit.
1128 3555 1481 3617 Rupes-iaham,
1520 3552 1599 3603 ed.
1635 3552 1917 3602 Lindenbr.
1954 3552 2283 3615 Hesper-icum.
2319 3574 2388 3585 —

321 3641 521 3704 ἐπικέα-
531 3638 781 3704 Urbicum)
831 3638 916 3687 Ita
947 3635 1067 3687 dedi
1080 3673 1093 3700 ,
1138 3636 1447 3687 Rodericum
1482 3639 1717 3687 secutus:
1767 3634 1900 3683 Pan.
1934 3648 2053 3685 cum
2085 3633 2262 3687 Ambr.
2306 3632 2392 3717 Uf-
