2567 4084
1156 165 1283 241 205

214 398 222 405 .
361 342 503 427 LX,
606 342 797 460 Quod
856 342 1007 414 dum
1056 342 1449 415 lastinianus
1501 344 1856 433 imperator*
1903 344 2252 415 Orientalis

192 440 499 529 audisset,
543 443 727 531 quasi
752 448 1191 533 susceptorum
1222 465 1482 515 suorum
1521 464 1692 511 mors
1733 445 1818 513 ad
1859 464 2041 513 suam
2078 447 2250 518 iniu-

190 540 355 607 riam
406 540 825 629 redundaret,
891 542 984 609 sic
1040 547 1137 612 est
1193 548 1574 614 commotus
1667 545 1916 613 Eodem
1971 564 2248 635 namque

190 643 483 728 tempore
538 660 683 707 cum
743 642 823 708 de
880 640 1101 707 Africa
1155 642 1584 711 Vandalicum
1645 664 1762 731 per
1811 644 2254 713 fidelissimum

190 758 381 823 suurn
422 738 800 827 Belisarium
842 741 1177 827 patricium
1218 747 1607 830 reportasset
1647 744 2038 833 triumphum
2055 792 2074 828 ,
2130 762 2250 811 nec

100 835 114 846 ’
190 858 407 925 mora,
464 840 531 909 in
576 841 717 928 ipso
761 845 1047 927 tempore
1090 840 1494 909 madentibus
1541 842 1753 909 adhuc
1795 844 1990 911 armis
2026 862 2248 915 cruore

191 936 553 1011 Vandalico
630 944 851 1007 contra
908 938 1153 1007 Gothos
1222 961 1340 1027 per
1408 942 1678 1007 eundem
1753 942 1978 1012 ducem
2045 941 2250 1029 movit

185 1037 609 1127 procinctum.
698 1038 828 1125 Qui,
870 1038 1003 1105 dux
1044 1039 1574 1127 prudentissimus
1627 1040 1806 1108 haud
1845 1061 2030 1109 secus
2071 1041 2268 1109 arbi-*

185 1142 396 1204 tratur
432 1138 735 1203 Getarum
780 1136 1076 1221 subigere
1117 1137 1461 1223 populum,
1521 1137 1648 1203 nisi
1702 1138 1880 1223 prius
1935 1140 2248 1224 nutricem

187 1256 407 1303 eorum
456 1239 828 1323 occupasset
872 1234 1169 1301 Siciliam.
1204 1296 1207 1301 .
1258 1235 1450 1323 Quod
1505 1241 1570 1301 et
1609 1234 1841 1301 factum
1898 1242 2012 1302 est.
2098 1238 2245 1303 Tri-

182 1336 596 1425 nacriamque
638 1338 922 1421 ingresso
967 1355 1119 1401 mox
1163 1335 1396 1427 Gothi,
1457 1335 1566 1423 qui
1610 1334 2081 1420 Syracusanum
2124 1356 2244 1424 op-.·

183 1435 415 1522 pidum
452 1434 837 1515 insidebant,
876 1433 1167 1501 videntes
1210 1454 1281 1501 se
1321 1434 1480 1500 nihil
1507 1434 1896 1522 praevalere,
1940 1454 2083 1501 cum
2127 1455 2242 1506 suc

186 1535 350 1602 duce
394 1535 719 1601 Sinderith
760 1534 925 1599 ultro
972 1554 1039 1599 se
1082 1533 1403 1608 Belisario·
1439 1534 1833 1601 dediderunt.
1904 1533 2244 1621 Quumque

186 1653 340 1719 ergo
382 1634 709 1711 Romanus
754 1633 977 1699 ductor
1014 1632 1296 1699 Siciliam
1338 1632 1742 1721 pervasisset,
1788 1632 2244 1699 Theodahatus

186 1734 583 1822 comperiens
624 1733 948 1802 Evermud
965 1781 981 1813 ,
1034 1726 1338 1817 generum
1379 1752 1596 1815 suum,
1652 1753 1796 1801 cum
1839 1732 2118 1799 exercitu
2160 1731 2244 1799 ad

182 1834 449 1917 fretum,
509 1833 683 1918 quod
736 1833 901 1897 inter
960 1830 1375 1920 Campaniam
1428 1832 1836 1919 Siciliamque
1891 1829 2238 1913 interiacet,

184 1938 252 2001 et
296 1933 377 1999 de
405 1932 723 2018 Tyrrheni
750 1932 941 1999 maris
986 1931 1129 1998 sinu
1154 1930 1552 1997 vastissimus
1577 1928 1986 1996 Hadriaticus
2028 1934 2246 2001 aestus

180 2032 503 2099 evolvitur
522 2080 540 2117 ,
613 2031 1101 2099 custodiendum
1159 2030 1411 2096 direxit.
1525 2028 1656 2095 Ubi
1716 2048 1860 2095 cum
1915 2028 2241 2095 Evermud

317 2248 446 2313 Cap.
480 2246 596 2301 Lx.
639 2262 784 2296 -eum
824 2248 883 2296 de
925 2246 1103 2307 Africa
1144 2248 1874 2321 Vandalieum—reportaoeet‘
1911 2248 2240 2317 triumphum)

178 2328 273 2381 Sic
306 2328 421 2383 Pal.
456 2345 573 2381 cum
606 2328 748 2395 Epit.
780 2328 887 2378 nisi
919 2326 1058 2393 quod
1088 2328 1145 2377 in
1174 2328 1269 2379 illo
1302 2330 1462 2379 verba
1482 2344 1628 2379 suam
1649 2331 1951 2380 Remurium
1967 2335 2242 2394 patricium

169 2414 393 2475 absunt3
428 2413 603 2466 Ambr.
638 2416 925 2475 reportavit,
960 2411 1066 2477 Mg.
1102 2411 1320 2461 Louncl.
1355 2416 1408 2460 et
1438 2410 1558 2461 Par.
1591 2411 1651 2459 de
1673 2410 1852 2473 Afin'ca
1875 2417 1924 2461 et
1953 2414 2238 2479 wandalis,

169 2497 295 2548 Par.
341 2497 554 2561 insuper
586 2496 909 2545 Bertramum
956 2508 1051 2558 pro
1084 2494 1360 2555 Beli-sarim
1407 2492 1490 2545 ed.
1529 2492 1680 2546 Grut.
1727 2493 1916 2545 omissa
1962 2511 2074 2543 cum
2121 2511 2240 2546 con-

171 2576 443 2628 iunctione
474 2576 534 2627 de
566 2576 744 2640 Africa
777 2584 824 2628 et
867 2578 1490 2639 Wandaln's-reportarat
1523 2579 1859 2639 triumphum3
1905 2593 1956 2627 v.
1981 2579 2040 2626 de
2061 2578 2240 2642 Africa

175 2675 215 2709 a
257 2660 526 2709 wandalis
557 2664 1049 2723 quum-reportaret
1081 2661 1406 2722 triumphum.
1440 2684 1509 2696 —-
1552 2673 1722 2709 eruore
1749 2661 2028 2711 Vandalieo
2063 2669 2238 2712 contra

172 2740 389 2805 Gothos)
422 2742 530 2809 Mg.
552 2743 672 2798 Par.
700 2758 866 2793 cruore
890 2744 1277 2804 Wandalorum,
1311 2758 1424 2792 moa:
1444 2758 1590 2806 super
1614 2744 1814 2795 Gothos.
1833 2771 1896 2782 -
1919 2747 2058 2795 haud
2078 2746 2236 2809 seem)

172 2826 284 2893 ΜΕ.
309 2824 430 2876 Par.
466 2830 615 2877 annis
648 2828 820 2879 tribus.
844 2851 913 2864 -
932 2830 1033 2876 nisi
1050 2824 1211 2892 prim)
1234 2826 1498 2877 Revocavi
1519 2824 1653 2875 hanc
1671 2825 1947 2899 lectionem
1965 2843 2031 2877 ex
2053 2828 2134 2881 ed.
2156 2844 2238 2893 pr.

170 2908 581 2971 astipulantibus
612 2909 788 2963 Ambr.
822 2914 876 2959 et
907 2908 1048 2973 Epit.
1096 2900 1235 2973 quod
1266 2908 1423 2976 vulgo
1456 2908 1646 2974 legitur
1685 2912 1732 2959 si
1757 2914 1902 2973 priua
1913 2947 1928 2976 ,
1977 2917 2239 2977 comparet
2303 2924 2312 2930 ’

168 2991 399 3057 primum
420 2991 479 3041 in
502 2991 585 3045 ed.
607 2982 826 3045 Leuincl.
855 3020 911 3031 —-
936 2992 1209 3055 sinderith)
1234 2991 1322 3043 Sic
1343 2993 1457 3046 Pal.
1483 3008 1602 3043 cum
1623 2992 1766 3057 Epit.
1791 2999 1844 3044 et
1865 2994 2138 3058 Freculph.
2160 2995 2238 3045 ita

163 3088 479 3139 ‚expressum
512 3076 701 3127 sistunt
734 3075 889 3127 etiam
919 3088 1109 3127 nomen
1141 3076 1274 3127 Pall.
1309 3078 1366 3127 in
1397 3076 1460 3131 R.
1493 3076 1550 3130 S.
1598 3092 1642 3128 c.
1677 3078 1794 3129 113.
1826 3094 1932 3128 non
1963 3080 2236 3145 sinderich,

171 3156 437 3221 quomodo
471 3158 628 3223 vulgo
660 3159 851 3225 legitur
885 3164 937 3209 et
969 3158 1057 3208 hic
1090 3164 1143 3209 et
1174 3157 1300 3213 illic.
1333 3186 1402 3197 —
1452 3158 1823 3227 Theodahatus)
1856 3160 1968 3211 Pal.
2010 3162 2236 3212 Theuda-

170 3240 352 3289 hadus.
376 3266 443 3277 —-
472 3238 739 3307 Evermud)
776 3240 861 3291 Ita
892 3241 1005 3291 Pal.
1038 3241 1125 3291 hic
1159 3246 1213 3291 et
1242 3241 1378 3295 Pan.
1397 3243 1454 3292 in
1476 3240 1538 3291 R.
1561 3240 1616 3295 S.
1643 3256 1690 3295 c.
1716 3242 1830 3296 114,
1852 3257 1958 3294 non
1977 3244 2232 3311 Rumor,

175 3326 241 3371 ut
272 3322 458 3387 vulgo;
493 3324 761 3375 Ευεηηιιτὴ
780 3323 956 3373 Ambr.
990 3325 1358 3375 Eva-mundum
1389 3324 1496 3390 Mg.
1529 3323 1651 3382 Par.
1686 3340 1803 3376 cum
1834 3322 1963 3378 Exc.
1997 3330 2235 3381 Εηεηηο-

171 3416 281 3455 rem
312 3404 457 3469 Epit.
506 3407 847 3457 Evermothem
880 3407 1033 3458 Bonf.
1081 3407 1329 3457 Ebremud
1366 3408 1505 3457 idem
1538 3414 1617 3459 est
1649 3408 1949 3462 Marcellino
1985 3412 2129 3468 Com.
2165 3412 2236 3463 ad

169 3500 226 3549 ε..
264 3487 381 3537 536.
416 3478 717 3557 Ἐβριμουθ
750 3496 927 3541 autem
955 3490 1206 3555 Procopio
1240 3490 1300 3541 B.
1339 3489 1400 3545 G.
1437 3491 1482 3556 Ι,
1518 3494 1670 3543 8.-
1701 3499 1748 3543 et
1779 3499 2092 3547 vasti-seimus
2126 3498 2236 3546 Ha-

168 3568 417 3617 Mazicas
450 3576 615 3621 aestus
647 3572 908 3641 evolvitur)
943 3572 1104 3625 Haud
1143 3573 1249 3625 scio
1294 3590 1364 3627 an
1395 3577 1582 3629 melius
1615 3578 1759 3643 Epit.
1803 3582 1860 3629 in
1889 3583 2233 3631 vastissimam

167 3627 490 3703 Adriaticum
522 3660 743 3719 aestum;
787 3662 1125 3737 vastissimam
1158 3663 1298 3711 cette
1328 3662 1556 3725 praefert
1589 3663 1746 3715 etiam
1778 3664 1996 3719 Pa1.—
2027 3665 2229 3727 direxit)
