2567 4084
1314 147 1357 209 4

301 326 659 391 terminant.
746 325 988 392 Oceani
1040 346 1194 392 vero
1250 324 1787 393 intransmeabilis
1829 325 2161 392 ulteriores
2204 326 2366 392 fines

296 444 427 490 non
469 426 674 491 solum
715 424 1072 491 describere
1117 424 1260 510 quis
1304 443 1641 508 aggressus
1698 430 1828 507 est,
1889 444 2115 492 verum
2170 425 2361 491 etiam

295 543 416 590 nee
459 524 756 611 cuiquam
799 522 979 588 licuit
1017 523 1425 591 transfretare
1444 574 1461 606 .‚
1524 525 1673 613 quia
1726 525 2059 592 resistente
2103 523 2257 590 ulva
2298 530 2367 591 et

295 629 631 689 ventorum
666 622 1008 709 spiramine
1051 622 1413 708 quiescente
1455 623 1949 710 impermeabilis
1992 642 2131 688 esse
2166 622 2364 689 senti-

301 726 408 789 tur
425 770 443 807 ,
503 727 566 789 et
607 722 767 789 nulli
811 720 1102 805 cognitus
1121 769 1139 804 ‚
1202 723 1328 788 nisi
1369 722 1489 788 soli
1532 723 1626 807 ei,
1673 723 1784 811 qui
1828 740 1973 789 eum
2016 721 2365 787 constituit.

299 822 567 890 Citerior
630 842 785 888 vero
853 822 988 887 eius
1053 820 1264 908 pelagi
1328 822 1469 907 ripa
1483 871 1500 904 ‚
1569 840 1761 908 quam
1823 822 2103 887 diximus
2168 822 2365 887 totius

299 920 525 987 mundi
568 919 894 1003 circulum,
939 920 1006 986 in
1046 920 1307 987 modum
1350 940 1623 986 coronae
1664 922 1953 987 ambiens
1994 921 2153 986 fines
2190 940 2365 1005 suoS,

300 1020 569 1087 curiosis
608 1020 974 1087 hominibus
989 1068 1008 1104 ,
1053 1024 1116 1086 et
1160 1021 1268 1107 qui
1314 1020 1393 1085 de
1434 1019 1555 1085 hac
1596 1040 1665 1086 re
1698 1020 1974 1086 scribere
1999 1018 2365 1101 voluemnt‚

295 1138 734 1207 perquaquam
778 1121 1089 1205 innotuit,
1148 1121 1297 1207 quia
1340 1127 1405 1185 et
1446 1123 1651 1185 terrae
1694 1119 1966 1185 circulus
2010 1118 2093 1183 ab
2138 1118 2372 1184 incolis

297 1219 659 1307 possidetur
675 1245 710 1303 ‚·
748 1224 814 1284 et
855 1220 1198 1285 nonnullae
1239 1219 1487 1284 insulae
1526 1218 1597 1281 in
1640 1218 1867 1283 eodem
1907 1217 2066 1282 mari
2109 1216 2372 1284 habita·-

299 1319 462 1387 biles
505 1325 683 1397 sunt,
729 1325 802 1384 ut
842 1319 910 1383 in
953 1318 1243 1384 orientali
1285 1319 1477 1403 plaga
1522 1322 1584 1381 et
1626 1317 1849 1382 Indico
1895 1316 2154 1384 Oceano
2198 1312 2371 1404 Hip-

297 1419 501 1505 podes
517 1468 536 1504 ,
579 1418 895 1484 Iamnesia
912 1467 930 1501 ‚
991 1418 1127 1484 sole
1167 1421 1498 1504 perustae,
1559 1416 1851 1501 quamvis
1892 1415 2373 1496 inhabitabiles,

1430 1528 1493 1569 ss

299 1582 477 1587 ..-.----.
719 1580 897 1586 ——-—--
919 1580 1100 1587 —-—-—-—
1123 1580 1226 1587 ---—.
1255 1580 1388 1587 —q-—o
1407 1581 1442 1585 —-
1464 1580 1598 1587 --·-——-—
1621 1580 1808 1587 ——-——---
1824 1582 1883 1587 0-—

440 1671 628 1721 Oceani
653 1696 720 1707 —
743 1668 1158 1718 intransmeabilis
1185 1696 1241 1705 —
1271 1667 1414 1733 fines)
1448 1666 1535 1717 Sic
1568 1668 1767 1733 primus
1802 1666 2039 1717 exhibuit
2070 1668 2378 1732 Rhenanus,

298 1750 534 1803 firmante
568 1752 681 1802 eius
714 1751 1062 1801 coniecturam
1088 1748 1262 1799 Ambr.
1296 1765 1419 1799 nam
1452 1749 1533 1799 ed.
1567 1765 1645 1815 pr.
1670 1751 2093 1800 intransmeabiles
2126 1749 2275 1800 sistit.
2300 1776 2369 1787 -—

300 1846 404 1884 non
423 1838 582 1883 solum
604 1834 866 1883 desen-ibere
883 1861 948 1869 —
965 1848 1213 1895 ayyreosm
1236 1834 1333 1898 est)
1368 1832 1456 1883 Sic
1486 1833 1620 1886 Pau.
1644 1848 1761 1883 cum
1796 1832 1910 1883 edd.
1944 1848 2024 1897 pr.
2058 1837 2112 1883 et
2132 1833 2249 1883 Par.
2275 1832 2370 1883 sed

299 1917 474 1972 Ambr.
500 1922 552 1967 et
575 1918 680 1981 Mg.
704 1917 822 1967 Par.
844 1932 944 1965 non
963 1919 1124 1965 solum
1146 1919 1251 1978 quis
1273 1917 1535 1967 describere
1557 1932 1807 1980 aqqressm
1828 1930 1931 1966 non
1954 1922 2054 1977 αις·
2076 1916 2231 1965 lectio
2254 1916 2371 1965 vul·

298 2002 438 2065 gata,
461 2014 559 2047 non
580 2002 743 2048 solum
763 2015 863 2049 non
883 1999 1143 2048 describere
1162 2002 1266 2061 quis
1289 2013 1537 2061 aym-essue
1561 2005 1646 2060 est,
1676 2015 1708 2049 a
1726 2000 1977 2049 Rhenano
2000 1998 2165 2048 fiuxit.
2188 2024 2257 2035 -
2280 2014 2372 2047 nee

300 2080 548 2147 cuiquam)
564 2081 742 2135 Ambr.
751 2098 840 2133 nee
849 2096 1084 2145 mquam.
1103 2108 1170 2119 —
1189 2082 1575 2143 impenneabilis
1586 2098 1685 2132 esse
1700 2083 1929 2145 sentitur)
1948 2081 2037 2133 Sic
2049 2080 2375 2133 Pan.Ambr.

300 2164 410 2231 Mg.
431 2165 550 2221 Par.
569 2165 674 2215 nisi
694 2165 832 2229 quod
854 2165 940 2215 hic
959 2164 1291 2215 inremeabilis
1311 2179 1407 2227 pro
1412 2166 1817 2253 &apamenum
1836 2164 2078 2229 praefert.
2102 2164 2168 2213 V.
2188 2166 2373 2226 imper·-

299 2248 531 2299 meabiles
548 2264 645 2297 esse
660 2251 951 2297 sentiantur.
974 2274 1042 2285 —·-
1075 2245 1316 2313 caynam-s)
1342 2246 1431 2298 Sic
1452 2264 1546 2313 pro
1564 2250 1704 2314 vulg.
1724 2250 1907 2309 conniti
1924 2248 2100 2297 Ambr-
2123 2246 2217 2297 sed
2230 2247 2369 2299 Pall-

302 2345 419 2381 cum
443 2330 550 2397 Mg.
574 2331 692 2382 Par.
717 2334 928 2392 coym’ta.
968 2357 1028 2365 -
1064 2334 1164 2379 nisa·
1189 2332 1256 2395 ei)
1281 2333 1366 2382 Ita
1385 2333 1515 2383 Pall.
1548 2347 1665 2381 eum
1682 2332 1859 2384 Ambr.
1882 2335 1981 2381 nisi
2000 2334 2097 2379 soli
2120 2334 2165 2379 ei
2188 2331 2364 2395 vulgo.

300 2441 368 2453 —
400 2416 484 2477 qui
515 2428 628 2462 eum
649 2416 926 2474 comtituit)
963 2414 1095 2462 Eum
1127 2426 1220 2477 pro
1256 2416 1399 2481 vulg.
1433 2432 1511 2465 eos
1542 2415 1679 2467 sistit
1700 2414 1875 2465 Ambr.
1907 2412 1999 2464 sed
2028 2412 2161 2463 Pan.
2184 2420 2238 2463 et
2259 2413 2377 2479 Mg·

299 2496 420 2548 Par.
455 2512 566 2546 eam
598 2500 1014 2561 repraesentant3
1057 2511 1152 2560 pro
1187 2500 1437 2547 constituit
1468 2497 1641 2548 Ambr.
1671 2498 1793 2560 fecit
1820 2500 2066 2561 praestat.
2112 2524 2177 2533 —
2220 2512 2379 2559 quant

303 2580 518 2631 divimus
539 2605 604 2617 -
628 2582 884 2643 circulum,
915 2582 972 2629 in
1000 2580 1206 2628 modum
1225 2604 1295 2616 —
1312 2582 1435 2641 fines
1454 2578 1587 2646 suos)
1622 2580 1707 2631 Ita
1730 2580 1909 2630 censui
1930 2579 2379 2645 distinguendumr

300 2679 424 2729 non,
452 2669 512 2715 ut
532 2663 706 2731 vulgo,
739 2678 888 2727 quam
911 2664 1140 2723 diximus,
1177 2667 1329 2713 totius
1359 2665 1539 2713 mundi
1560 2653 1799 2713 decultum
1831 2667 1891 2713 in
1916 2664 2125 2713 modum
2150 2658 2373 2712 'coronae

301 2748 537 2808 ambiens,
557 2750 680 2809 fines
711 2759 824 2796 suos
859 2749 958 2795 cet.
992 2772 1060 2781 —-
1093 2750 1140 2793 et
1173 2747 1256 2805 qui
1290 2746 1349 2793 de
1377 2747 1471 2795 hac
1500 2761 1554 2797 re
1582 2745 1785 2795 seribere
1817 2744 2097 2813 voluerunt)
2120 2744 2219 2796 Ed.
2244 2745 2385 2795 Lin—

304 2830 481 2882 denbr.
507 2835 553 2877 et
578 2832 660 2891 φά
684 2829 743 2877 de
764 2830 858 2877 hac
879 2828 1132 2876 rescribere
1153 2829 1426 2879 voluerunt.
1464 2855 1521 2865 —
1554 2825 1913 2893 pes-quaquam)
1946 2828 2209 2879 Revocavi
2234 2828 2370 2877 hanc

302 2912 592 2973 lectionem,
633 2925 786 2975 quam
817 2910 1044 2974 praefert
1075 2910 1233 2958 etiam
1253 2908 1430 2959 Ambr.
1468 2924 1532 2957 ex
1556 2908 1672 2963 edd.
1695 2925 1772 2974 pr.
1799 2914 1851 2960 et
1870 2909 1991 2963 Par.
2020 2913 2237 2977 vulgata
2254 2927 2382 2975 per-

307 3012 456 3061 quam
496 3009 529 3043 a
562 2994 813 3043 Rhenano
853 2998 957 3055 est,
1001 2992 1092 3042 sed
1129 2992 1347 3041 recurrit
1386 2990 1565 3041 eadem
1596 2992 1693 3043 illa
1722 3008 1827 3043 vox
1859 2994 1923 3047 R.
1976 2992 2029 3045 S.
2066 3010 2109 3046 e.
2154 2994 2267 3047 107.
2305 3020 2371 3030 --

303 3082 418 3143 quia
450 3083 496 3126 et
537 3082 692 3125 terrae
733 3074 962 3142 circulus)
997 3076 1170 3126 Ambr.
1207 3080 1323 3139 quia
1359 3079 1512 3126 etiam
1544 3092 1605 3126 ne
1639 3081 1864 3130 cia-culus.
1905 3106 1970 3115 —
1998 3081 2292 3141 possidetur,
2325 3085 2383 3128 et*

307 3163 576 3216 nonnullae
605 3160 796 3209 midae
823 3158 952 3223 eet.)
975 3156 1065 3208 Sic
1095 3157 1529 3225 distinguendum,
1553 3174 1677 3224 non,
1710 3165 1773 3210 ut
1786 3162 1961 3227 vulgo,
1980 3162 2271 3223 possidemr.
2306 3162 2375 3209 Et

306 3245 574 3295 nomaauae
605 3242 810 3291 iruulae.
847 3266 912 3277 -
945 3242 1196 3303 Hippodee
1214 3266 1277 3279 -·
1296 3241 1529 3310 Etheron)
1554 3242 2007 3308 corruptissimum
2028 3244 2169 3293 huno
2199 3245 2379 3293 locum·

306 3327 450 3394 prius
473 3340 628 3391 quam
655 3324 928 3376 restituere
953 3328 1230 3391 tentemus,
1260 3312 1485 3390 primum
1516 3326 1773 3377 variantes
1795 3340 2085 3392 proponere
2104 3326 2373 3389 lectiones,

307 3408 496 3461 deinde
537 3408 668 3473 eius,
715 3422 870 3473 quem
898 3413 1074 3458 noster
1107 3410 1377 3474 exscripsit
1408 3410 1583 3473 verba,
1616 3414 1874 3473 postremo
1910 3409 2207 3474 Geographi
2239 3408 2371 3457 Rav.

306 3493 396 3557 qui
407 3497 664 3554 nostrm,
684 3489 865 3540 afferre
884 3504 913 3540 e
929 3504 986 3540 re
1005 3490 1226 3545 videtur.
1257 3492 1621 3558 Discrepantia
1641 3496 1817 3542 autem
1836 3491 2074 3542 lectionis
2095 3492 2172 3542 ita
2186 3492 2344 3542 habet
2356 3508 2379 3541 t

306 3574 438 3626 Pan.
461 3575 742 3637 Hippodem
769 3574 1072 3623 Iamneaiam
1101 3578 1220 3624 solis
1246 3581 1521 3640 perustam,
1552 3578 1775 3639 quanvis
1794 3576 2167 3625 inhabitabilem
2182 3612 2195 3638 ‚
2230 3580 2291 3626 ut
2322 3580 2377 3625 et

310 3671 445 3720 mox,
487 3660 542 3705 in
582 3662 782 3719 longum
823 3660 1070 3719 latumque
1107 3663 1371 3707 meritam.
1444 3657 1781 3722 Taprobanem
1814 3670 2020 3719 quoque,
2066 3660 2121 3705 in
2158 3672 2255 3719 qua
2295 3672 2383 3707 eoe—
