2567 4084
1278 122 1366 204 44·

456 320 543 389 X.
629 318 814 387 'Tunc
857 320 1088 405 Cyme,
1133 338 1248 385 rex
1288 318 1647 397 Persarum,
1691 323 1839 405 post
1879 316 2122 403 grande
2162 310 2367 384 inter-³

290 420 532 488 vallum
577 426 640 489 et
683 439 888 507 paene
911 426 1064 505 post
1091 424 1534 485 sexcentorum
1568 419 1833 504 triginta
1860 437 2173 496 annorum
2200 422 2365 484 tem-

288 534 468 605 pora,
512 520 823 605 Pompeio
853 520 1068 605 Trogo
1112 521 1385 585 testante
1404 567 1423 598 ,
1466 518 1771 584 Getarum
1806 517 2067 602 reginae
2094 518 2367 605 Tomyri

291 618 416 684 sibi
459 618 716 684 exitiale
745 618 962 682 intulit
986 615 1249 683 bellum.
1314 616 1447 710 Qui
1476 616 1681 683 elatus
1711 636 1792 682 ex
1828 614 2025 683 Asia'e
2052 616 2364 707 victorii8‚

289 717 488 784 Getas
529 717 754 783 nititur
797 716 1160 802 subiugare‚
1207 716 1464 803 quibuS,
1508 720 1583 781 ut
1618 714 1919 801 diximus,
1964 714 2187 801 regina
2227 718 2367 783 erat

287 816 608 901 Tomyris.
677 815 859 902 Quae
903 835 1048 882 cum
1091 815 1174 882 ab
1219 817 1439 881 Araxe
1480 834 1668 881 amne
1686 814 1842 900 Cyri
1869 832 2084 881 arcere
2108 813 2365 902 potuis-

289 918 406 982 set‘
428 934 743 1003 accessuS,
787 914 1055 981 transire
1097 917 1312 979 tamen
1354 915 1664 1001 permisit,
1711 915 1952 999 eligens
1976 914 2187 979 armis
2216 923 2366 981 eum

284 1014 566 1098 vincere,
632 1033 826 1101 quam
878 1014 1164 1079 locorum
1221 1012 1533 1079 beneficio
1592 1013 2009 1097 submovere3
2069 1014 2244 1100 quod
2302 1018 2366 1079 et

285 1114 525 1179 factum
570 1121 680 1181 est.
752 1115 835 1179 Et
877 1115 1173 1180 veniente
1219 1112 1391 1199 Cyro
1435 1114 1641 1200 prima
1686 1114 1875 1180 cessit
1916 1112 2171 1179 fortuna
2200 1108 2365 1179 Par-a

283 1213 414 1280 this
456 1214 524 1279 in
566 1218 835 1297 tantum,
881 1218 954 1279 ut
995 1217 1058 1277 et
1099 1211 1302 1277 filium
1335 1212 1635 1299 Tomyris
1679 1216 1742 1277 et
1784 1212 2127 1299 plurimum
2171 1230 2364 1279 exer-

291 1313 486 1379 citum
549 1314 978 1395 trucidarent3
1043 1310 1159 1376 sed
1221 1311 1449 1375 iterato
1514 1311 1721 1376 Marte
1770 1310 1969 1376 Getae
2035 1330 2179 1375 cum
2246 1330 2366 1378 sua
2518 1370 2520 1375 .

282 1412 506 1497 regina
525 1410 806 1477 Parthos'
848 1410 1156 1477 devictos·
1181 1414 1486 1494 superant
1523 1417 1717 1498 atque
1746 1415 2179 1497 prosternunt,
2217 1411 2366 1499 opi·
2436 1456 2445 1461 -
2518 1404 2520 1425 ³

283 1512 581 1597 mamque
623 1510 931 1598 praedam
975 1508 1054 1575 de
1082 1507 1174 1573 eis
1203 1508 1521 1593 auferunt,
1564 1508 1784 1594 ibique
1813 1509 2088 1595 primum
2110 1508 2365 1578 Gotho-
2518 1526 2520 1535 ·

280 1630 424 1677 rum
481 1628 641 1693 gens
697 1608 904 1675 serica
957 1608 1122 1673 vidit
1179 1608 1473 1673 tentoria.
1571 1608 1758 1673 Tunc.
1798 1607 2098 1692 Tomyris
2139 1609 2364 1692 regina

281 1716 470 1775 aucta
531 1707 803 1773 victoria
867 1712 1173 1793 tantaque
1228 1706 1471 1792 praeda
1530 1706 1611 1771 de
1663 1707 1935 1773 inimicis
1988 1707 2197 1792 potita
2214 1755 2233 1791 ‚
2294 1706 2363 1772 in

279 1813 529 1894 partem
591 1807 858 1891 Moesia,
930 1825 1093 1893 quae
1155 1826 1330 1872 nunc
1385 1825 1426 1869 a
1486 1808 1718 1890 magna
1778 1806 2047 1891 Scythia
2098 1806 2363 1872 nomine

281 1911 596 1989 mutuato,
668 1910 875 1973 minor
935 1905 1206 1990 Scythia
1267 1904 1664 1993 appellatur,
1728 1906 2077 1989 transiens,
2144 1905 2240 1970 ibi
2294 1905 2361 1969 in

1885 2029 1894 2031 ..
1915 2027 2050 2031 —.——..
2056 2024 2355 2031 *ω’-*ι

943 2026 1051 2033 ηι-
1324 2026 1638 2033 -.—..-.—---.-—-
1715 2028 1800 2033 .—.---

415 2074 544 2139 Gap.
579 2074 650 2128 X.
723 2070 879 2139 Τιιπο)
902 2073 1056 2122 Hanc
1079 2088 1258 2123 vocem
1291 2075 1533 2125 revocavi
1565 2088 1631 2124 ex
1664 2072 1779 2125 edd.
1808 2088 1942 2139 quae
1963 2074 2187 2124 Vulcan.
2212 2070 2361 2138 praess

281 2156 491 2221 cedunt,
551 2156 640 2205 hic
673 2155 868 2220 primus
902 2156 1090 2205 omisit.
1135 2158 1210 2195 '—
1249 2158 1475 2219 Tomyri)
1518 2156 1607 2208 Sic
1638 2158 1770 2210 Pall.
1814 2174 1929 2209 cum
1970 2158 2102 2207 Rod.
2140 2157 2360 2207 eandem

278 2240 585 2302 lectionem,
639 2238 730 2291 sed
768 2240 996 2303 aspirata
1036 2246 1056 2291 t
1087 2240 1241 2291 litera
1271 2240 1445 2290 Ambr.
1484 2246 1537 2290 et
1569 2241 1675 2307 Mg.
1714 2240 1828 2292 edd.
1872 2242 2087 2292 Leuncl.
2134 2246 2201 2291 et.
2238 2240 2358 2291 Par.-

279 2323 496 2374 eietunt:
532 2322 662 2371 Exo.
703 2323 971 2386 Phameris,
1009 2322 1103 2375 eed
1135 2323 1247 2373 eod.
1282 2322 1478 2389 Stuttg.
1520 2326 1785 2389 namins,
1825 2324 1962 2390 quod
2001 2330 2055 2374 et
2084 2325 2245 2390 vulgo
2288 2322 2360 2375 Ie·

279 2406 437 2471 gitur.
526 2404 710 2469 Neque
748 2406 880 2456 haec
917 2407 1058 2472 apud
1102 2406 1236 2457 alios
1274 2406 1433 2457 lectio
1447 2444 1461 2471 ,
1505 2421 1661 2470 quum
1700 2408 1846 2457 varie
1882 2407 2126 2458 efferatur
2162 2422 2356 2458 nomen

276 2488 491 2553 reginae
545 2487 692 2537 illius
748 2490 1011 2555 scythicae
1067 2489 1196 2556 (vid.
1255 2488 1375 2543 W.
1426 2490 1545 2539 DD.
1597 2489 1665 2539 ad
1714 2490 1897 2541 lustin.
1942 2490 1994 2555 1,
2041 2490 2089 2541 8.
2146 2490 2353 2542 Fabi-ic.

275 2570 346 2620 ad
381 2571 530 2621 Oros.
555 2570 626 2634 11,
653 2570 702 2624 7.
737 2570 1009 2623 Kenchen.
1057 2572 1126 2623 ad
1169 2572 1405 2623 Frontin.
1449 2572 1605 2624 Strat-
1630 2573 1713 2638 11,
1757 2574 1806 2624 ὅ.
1850 2575 1899 2625 ὅ.
1944 2574 2235 2626 Tzachuck.
2288 2568 2357 2625 ad

273 2652 462 2717 AmPel
502 2668 543 2703 o.
590 2650 675 2718 13)
725 2658 862 2705 esset
905 2656 1212 2721 respuenda,
1261 2654 1403 2721 apud
1439 2661 1673 2707 nostrum
1712 2661 1889 2707 tamen
1933 2652 2145 2709 mi'nime
2182 2662 2357 2724 potest

273 2726 449 2785 locuni
482 2736 694 2799 habere,
735 2737 858 2801 quia
891 2738 1050 2788 refert
1076 2740 1260 2803 paucis
1292 2740 1577 2790 interiectis
1608 2738 1864 2804 Iordanis,
1908 2754 1975 2791 ex
2012 2756 2103 2791 suo
2145 2742 2355 2792 nomine

277 2818 452 2867 Tomes
484 2818 748 2868 civitatem
781 2819 1074 2872 condidisse
1104 2822 1339 2887 reginam
1358 2822 1518 2886 illarii,
1546 2822 1685 2887 quod
1707 2837 1850 2887 eane,
1880 2822 1925 2873 ei
1956 2824 2206 2873 Thamiris
2229 2839 2355 2875 vera

274 2906 413 2951 esset
451 2900 626 2965 lectio‚'
660 2901 943 2966 procedere
981 2918 1088 2953 non
1118 2909 1310 2967 posset.
1344 2928 1414 2941 —
1446 2903 1665 2972 exitiale)
1705 2904 1812 2970 ΜΒ.
1848 2904 1966 2954 Par.
2004 2910 2059 2955 et
2088 2904 2220 2957 Rod.
2260 2910 2354 2957 exi·

274 2984 460 3034 stabile.
513 3008 580 3020 --·
628 2987 873 3047 meteriis)
917 2985 1006 3037 Sic
1036 2986 1168 3036 Pan.
1210 2986 1386 3037 Ambr-
1430 2988 1536 3053 ΜΒ.
1578 2988 1696 3037 Par.
1742 2988 1888 3052 Epit.
1920 2990 2133 3038 victoria
2176 2990 2353 3055 vulgo.

272 3089 341 3107 0-
376 3068 824 3130 quibua—refirma
859 3071 991 3133 erat)
1027 3065 1112 3119 Ita
1141 3068 1275 3119 Pan.
1316 3070 1492 3119 Ambr.
1527 3071 1634 3136 Mg.
1671 3071 1789 3123 Par.
1837 3070 1930 3122 sed
1966 3072 2125 3137 vulgo
2160 3076 2217 3121 in
2250 3076 2353 3136 qui-

271 3150 361 3200 hm
387 3178 440 3187 —-
468 3154 767 3213 req-noverat,
813 3152 1198 3217 praepositione
1240 3156 1318 3214 in,
1360 3165 1465 3217 qua
1499 3152 1580 3203 ed.
1613 3168 1693 3219 pr.
1731 3158 1889 3218 caret,
1928 3152 2107 3204 addita
2140 3171 2174 3204 a
2214 3156 2352 3207 Rhe-

268 3241 426 3281 nano.
464 3258 532 3271 --
564 3234 621 3280 in
650 3234 877 3297 tantiam)
911 3232 995 3283 Ita
1024 3234 1159 3284 Pall.
1193 3235 1368 3284 Ambr-
1403 3235 1511 3301 Mg.
1542 3236 1659 3287 Par.
1698 3242 1841 3288 tanta
1876 3236 2055 3303 vulgo.
2093 3262 2163 3275 —
2195 3238 2345 3307 vidit)

269 3311 360 3364 Sic
390 3327 484 3378 pro
517 3314 661 3379 vulg.
697 3314 870 3363 vident
895 3314 1028 3365 Pall.
1060 3316 1236 3367 Ambr.
1275 3316 1420 3383 Epit.
1468 3344 1538 3357 -·
1582 3318 1752 3387 aucta)
1790 3320 1878 3372 Sic
1911 3336 2006 3385 pro
2045 3322 2188 3389 vulg.
2234 3328 2349 3374 acea

265 3394 402 3446 Pan.
446 3396 552 3462 Mg.
594 3397 711 3451 Par.
754 3397 897 3463 Epit.
941 3403 994 3451 et
1029 3402 1107 3452 ita
1145 3400 1427 3468 legendum
1467 3418 1596 3467 esee,
1643 3403 1777 3453 vidit
1812 3404 1920 3454 iam
1956 3405 2240 3456 Burmann.
2282 3399 2352 3457 ad

270 3478 544 3528 Claudian-
582 3478 784 3533 Stilich.
811 3481 882 3546 11,
915 3484 1036 3541 216.
1069 3485 1212 3549 apud
1241 3484 1373 3535 Rod.
1413 3486 1597 3549 adepta
1627 3488 1892 3536 vicianum
1922 3486 2132 3553 legitur,
2166 3488 2225 3538 in
2266 3488 2345 3538 ed.

270 3558 556 3611 Lindenbr.
595 3568 748 3611 nacta
782 3568 1060 3618 victoriam.
1101 3598 1160 3606 -
1211 3582 1335 3631 quae
1365 3584 1498 3618 nunc
1524 3594 1579 3607 -ι
1608 3569 1914 3636 appellatur)
1957 3570 2045 3621 Sic
2078 3571 2212 3621 Pall.
2256 3567 2348 3621 sed

269 3656 319 3690 v.
355 3656 476 3703 quae
508 3658 640 3691 nunc
673 3660 731 3695 ex
760 3662 947 3709 myrta
968 3649 1168 3711 Scythia
1188 3665 1369 3699 nomen
1389 3656 1637 3717 mutuata,
1672 3654 1839 3703 minor
1858 3654 2059 3717 Scythia
2082 3660 2154 3705 est
2174 3656 2347 3719 appel-
