2567 4084
1101 1147 1505 1246 Praefatio.

373 1811 384 1819 ,
441 1744 695 1808 Novam
722 1743 1014 1810 Iordanis
1059 1743 1138 1809 de
1169 1743 1527 1810 Gothorum
1556 1744 1801 1830 origine
1830 1750 1895 1811 e‘t
1916 1745 2111 1811 rebus
2138 1744 2335 1829 gestis

275 1842 426 1909 libri
459 1841 800 1909 editionem
832 1844 1254 1908 adomatnrus
1277 1844 1353 1908 E.
1370 1843 1784 1928 Fischhaber,
1830 1845 1930 1910 vir
1956 1843 2337 1910 honestissi-

190 2027 194 2038 .
279 1962 441 2021 muS,
485 1962 682 2029 quum
725 1943 806 2007 ad
851 1961 972 2026 me,
1017 1943 1197 2008 cuius
1239 1943 1525 2008 studium
1563 1944 1632 2008 in
1672 1943 1859 2009 istius
1900 1943 2025 2008 aevi
2066 1943 2339 2029 scripto-

277 2042 460 2110 ribus
538 2043 883 2109 tractandis
949 2048 1272 2109 versatum
1349 2063 1487 2110 esse
1566 2044 1797 2128 sciret,
1878 2043 2071 2109 semei
2148 2047 2341 2129 atque

281 2141 510 2208 iterum
552 2143 834 2228 adiisset,
877 2148 951 2208 ut
996 2145 1131 2209 eius
1172 2144 1241 2208 in
1281 2163 1385 2210 me
1428 2143 1637 2210 denuo
1682 2143 1910 2210 edendi
1954 2163 2168 2210 curam
2196 2163 2341 2208 sus·-

281 2241 554 2328 eiperem
577 2292 596 2326 ‚
643 2263 783 2328 ego,
827 2249 902 2310 ut
941 2244 1027 2309 ad
1070 2243 1499 2310 conditionem
1542 2243 1825 2310 oblatam
1868 2242 2339 2326 descenderem,

281 2361 444 2425 aegre
489 2363 528 2408 a
569 2363 673 2409 me
711 2345 1052 2428 impetrare
1091 2342 1308 2428 potui,
1354 2363 1486 2408 non
1526 2343 1777 2409 nescius
1832 2343 1979 2428 plus
2036 2342 2191 2408 mihi
2240 2341 2340 2406 la<-

280 2441 456 2507 boris
489 2447 678 2529 atque
714 2461 942 2528 operae
967 2442 1132 2508 hanc
1158 2442 1226 2505 in
1255 2460 1390 2506 rem
1414 2441 1911 2527 impendendum
1938 2459 2099 2525 esse,
2147 2460 2339 2527 quam

278 2539 490 2608 laudis
519 2542 714 2607 inme
731 2542 881 2607 inde
911 2547 976 2607 et
995 2541 1239 2629 praemii
1278 2560 1417 2606 esse
1440 2539 1961 2607 redundaturum.
2004 2540 2337 2607 Postremo

275 2641 346 2705 id
387 2640 546 2706 mihi
583 2641 822 2726 negotii
847 2661 1076 2727 passus
1113 2660 1256 2708 sum
1298 2639 1566 2726 imponi,
1608 2659 1740 2705 non
1784 2640 1955 2725 quod
1989 2658 2209 2726 parem
2234 2659 2339 2706 me

279 2740 344 2805 ei
388 2759 526 2806 esse
571 2740 866 2806 sentirem
901 2740 1387 2824 confideremve‚
1434 2739 1547 2806 sed
1588 2744 1661 2804 ut
1705 2759 1923 2805 eorum
1968 2758 2159 2826 quam
2200 2739 2337 2825 pri-

280 2857 460 2902 mum
505 2840 936 2906 consuleretur
979 2839 1310 2906 desideriis
1330 2889 1347 2921 ‚
1400 2840 1511 2925 qui
1550 2839 1829 2905 historiae
1872 2838 2129 2905 illorum
2168 2844 2337 2904 tem-

274 2955 510 3022 porum
541 2958 652 3004 ·ex
711 2940 870 3025 ipsis
925 2938 1208 3005 fontibus
1249 2939 1541 3026 petendae
1586 2944 1647 3005 et
1702 2938 2158 3023 cognoscendae·
2200 2943 2337 3004 stu-

277 3035 448 3100 diosi
461 3083 482 3113 ‚
539 3036 770 3103 frustra
824 3039 1198 3124 plerumque
1251 3039 1805 3127 circumspicerent
1866 3044 1929 3104 et
1984 3044 2337 3125 quaererent

277 3134 672 3220 scriptorem,
711 3137 891 3202 cuius
922 3138 1311 3225 exemplaria
1339 3139 1669 3205 divendita
1694 3140 1823 3204 iam
1852 3139 2095 3204 dudum
2124 3143 2337 3204 essent

273 3231 345 3298 in
387 3232 670 3300 tabernis
725 3236 1000 3302 librariis
1055 3243 1120 3303 et
1158 3257 1303 3302 raro
1358 3238 1556 3304 obvia
1608 3238 1708 3304 his
1752 3237 2007 3325 quidem
2064 3238 2132 3301 in
2186 3238 2334 3306 oris,

273 3332 562 3420 Recepto
619 3340 832 3400 autem
897 3337 1090 3403 semel
1149 3339 1407 3422 negotio
1462 3339 1529 3404 in
1580 3357 1659 3404 eo
1716 3337 1873 3402 mihi
1924 3357 2052 3403 non
2108 3337 2337 3423 putavi

273 3433 808 3518 acquiescendum
827 3485 844 3518 .,
904 3441 978 3502 ut
1017 3437 1320 3521 vulgatus
1372 3437 1923 3524 translaticiusque
1966 3441 2179 3503 textus
2220 3436 2335 3524 qui

275 3531 546 3617 dicitur,
589 3534 794 3619 qualis
839 3555 922 3600 ex
963 3536 1242 3602 editione
1270 3536 1673 3603 Vulcaniana
1698 3536 1765 3601 in
1808 3557 1937 3614 eas‚·
1982 3555 2123 3622 quae
2163 3537 2337 3603 inse-

275 3636 440 3698 cutae
501 3638 684 3717 sunt,
739 3635 1202 3722 propemodum
1261 3657 1478 3703 omnes
1534 3642 1925 3724 propagatus
1977 3642 2106 3720 est,
2164 3636 2341 3723 typis
