2567 4084
1183 162 1318 229 3⁹-

180 339 458 410 fontium
503 341 782 427 copiosis
825 340 1036 411 fundit
1075 339 1401 407 uberibus.
1470 341 1599 427 Qui
1642 341 2081 427 amplexantes
2118 348 2257 409 ter-

181 458 292 508 ras
333 438 770 524 Assyriorum,
813 438 1343 526 Mesopotamiam
1398 444 1463 507 et
1524 440 1839 528 appellari
1892 441 2135 507 faciunt
2192 445 2261 509 ct

182 536 414 615 videri,
455 538 524 603 in
565 538 776 605 sinum
818 539 1008 607 maris
1051 540 1228 606 rubri
1279 540 1533 617 fluenta·
1574 537 1987 626 deponentes.
2072 541 2261 605 Tunc

181 636 254 701 in
301 636 560 705 boream
602 643 927 705 revertens
943 688 962 723 ‚
1015 638 1353 724 Scythicas
1394 646 1594 706 terras
1648 640 1869 725 iugum
1910 638 2261 705 antefatum

184 734 440 819 magnis
491 734 766 805 flexibus
825 743 1212 825 pervagatur
1277 744 1475 826 atque
1526 738 1767 805 ibidem
1823 737 2265 827 opinatissima

183 831 454 897 flumina
508 834 578 899 in
636 834 944 923 Caspium
995 857 1170 903 mare
1223 838 1617 925 profundens
1658 838 1973 920 Araxem‚
2019 834 2263 919 Cyrum

183 936 254 999 et
277 931 664 1019 Cambysen,
701 936 1070 1005 continuato
1113 937 1266 1021 iugo
1311 938 1394 1005 ad
1420 936 1747 1024 Riphaeos
1776 953 1981 1023 usque
2011 936 2260 1006 montes

185 1032 572 1099 extenditur.
647 1034 934 1121 Indeque
977 1035 1301 1121 Scythicis
1350 1036 1651 1121 gentibus
1708 1036 1897 1104 dorso
1954 1052 2073 1099 suo
2130 1036 2263 1097 ter-

187 1130 433 1197 minum
475 1131 813 1221 praebens‚
857 1134 939 1201 ad
967 1134 1248 1201 Pontum
1288 1156 1493 1222 usque
1529 1134 1877 1218 descendit,
1921 1129 2263 1198 consertis-

187 1248 312 1314 que
368 1229 639 1297 collibus
683 1233 884 1299 Histri
941 1253 1194 1321 quoque
1235 1234 1477 1301 fluenta
1518 1234 1859 1319 contingit,
1904 1250 2032 1317 quo
2076 1247 2263 1295 amne

191 1327 430 1393 scissus
488 1328 852 1415 dehiscens,
911 1332 978 1396 in
1033 1333 1301 1419 Scythia
1356 1353 1610 1421 quoque
1667 1334 1920 1397 Taurus
1975 1333 2261 1395 vocatur.

193 1426 373 1492 Talis
417 1447 568 1512 ergo
612 1435 954 1517 tantusque
1008 1439 1072 1497 et
1122 1452 1329 1519 paene
1372 1433 1653 1501 omnium
1696 1430 2004 1496 montium
2046 1425 2263 1491 maxi-

192 1544 335 1590 mus
381 1526 664 1593 excelsas
708 1549 856 1595 suas
884 1532 1132 1617 erigens
1162 1534 1579 1614 summitateS‚
1621 1528 1897 1597 naturali
1927 1532 2263 1593 construc-

195 1625 370 1690 tione
413 1633 696 1711 praestat
735 1630 1038 1713 gentibus
1091 1631 1591 1718 inexpugnanda
1644 1626 2011 1697 munimina.
2096 1625 2267 1691 Nam

193 1723 452 1789 locatim
495 1727 766 1810 recisus,
812 1748 938 1815 qua
983 1730 1271 1817 disrupto
1324 1731 1477 1815 iugo
1520 1729 1709 1795 vallis
1751 1729 1931 1793 hiatu
1972 1722 2266 1812 patescit,

195 1842 368 1889 nunc
411 1824 677 1911 Caspias
721 1834 958 1912 portas,
1004 1849 1174 1894 nunc
1217 1831 1590 1915 Armenias,
1622 1842 1816 1893 ‘nunc
1861 1825 2114 1903 Cilicem,
2159 1820 2267 1887 vel

197 1924 548 1989 secundum
591 1925 802 1990 locum
848 1928 1053 2013 qualis
1095 1928 1305 2005 fuerit,
1348 1930 1521 2011 facit,
1566 1928 1679 1993 vix
1722 1932 1934 1991 tamen
1976 1922 2265 2009 plaustro

197 2022 521 2106 meabiliS‚
566 2024 872 2091 lateribus
913 2026 978 2091 in
1023 2027 1423 2093 altitudinem
1468 2027 1765 2113 utrinque
1810 2022 2095 2101 directis,
2154 2018 2267 2105 qui

196 2141 315 2207 pro
338 2124 624 2206 gentium
645 2125 952 2192 varietate
977 2127 1229 2192 diverso
1264 2127 1578 2194 vocabulo
1608 2128 2030 2211 nuncupatur.
2076 2119 2269 2185 Hunc

198 2220 371 2286 enim
411 2222 680 2306 Imaum,
723 2244 874 2289 mox
893 2225 1378 2312 Paropamisum
1407 2226 1609 2292 Indus
1636 2224 1945 2312 appellat3
1989 2218 2266 2285 Parthus

197 2406 255 2456 in
292 2411 495 2457 textum
531 2410 830 2460 invexisset.
883 2438 948 2451 -
999 2414 1415 2475 Mesopotamiam
1448 2419 1497 2463 et
1518 2416 1764 2476 appellari
1780 2406 1999 2476 faciunt)
2022 2404 2120 2455 Ed.
2142 2404 2271 2453 Lin-

197 2486 378 2541 donbr.
391 2490 801 2553 Mesopotamiam
817 2498 1075 2557 appellari.
1099 2522 1165 2533 -
1188 2497 1438 2558 Scythicas
1458 2493 1631 2562 terras)
1650 2492 1733 2545 Ita
1750 2490 2132 2545 vetustissimae
2152 2486 2270 2536 edd.

195 2576 250 2621 ot
284 2570 434 2623 Grut.
469 2588 586 2623 cum
618 2574 828 2626 Person.
861 2577 1001 2641 quod
1030 2579 1188 2645 vulgo
1221 2580 1415 2645 legitur
1440 2579 1663 2640 Scythiae
1700 2583 1857 2626 terrm
1886 2588 1951 2625 ex
1990 2571 2071 2623 ed.
2095 2570 2270 2619 Leun-

196 2654 358 2707 clavii
379 2656 438 2705 in
459 2656 792 2721 insequentes
813 2660 1058 2710 manavit.
1097 2688 1153 2697 -·
1199 2658 1403 2727 (ξφ-αα)
1439 2660 1526 2711 Sic
1540 2660 1715 2711 Ambr.
1738 2659 1841 2711 nisi
1858 2652 2001 2723 'quod
2023 2658 2047 2705 i
2064 2654 2271 2703 literam

195 2752 292 2801 pro
313 2754 348 2800 y
368 2738 532 2789 sistit:
565 2740 624 2789 in
644 2740 776 2790 Pall.
805 2744 986 2805 Oysum
1007 2744 1216 2809 legitur,
1251 2745 1410 2810 vulgo
1436 2748 1655 2809 Cyneum.
1692 2770 1760 2781 -
1798 2736 2091 2804 Cambysen)
2120 2736 2218 2787 13⁸ss
2236 2749 2271 2785 ὓ

196 2820 490 2871 Rhenauot
526 2838 648 2873 nam
687 2824 768 2875 ed.
801 2840 878 2891 pr.
916 2828 1176 2878 cambisen
1211 2828 1437 2879 exhibet.
1463 2856 1531 2867 -
1563 2840 1655 2891 quo
1680 2840 1827 2876 amne
1846 2820 2041 2889 soum)
2066 2822 2154 2873 Sic
2175 2834 2271 2884 pro

193 2906 340 2971 vulg.
365 2921 457 2967 quo
489 2909 652 2955 amnia
673 2910 847 2957 eciam
867 2909 999 2960 Pau.
1023 2912 1200 2962 Ambr.
1223 2912 1435 2963 Person.
1458 2936 1530 2951 -
1559 2914 1617 2961 in
1646 2913 1845 2974 Scythia
1867 2920 2050 2972 quoque
2077 2907 2271 2953 Taum!

194 2990 426 3050 vocatur)
449 2988 622 3038 Ambr.
647 2992 704 3039 in
724 2992 924 3053 Scythia
952 2995 1143 3045 Taum
1165 2996 1361 3046 dieitur.
1383 3026 1451 3036 -
1484 2992 1708 3061 locatim)
1730 2994 1837 3058 ΜΒ.
1860 2992 1977 3041 Par.
1998 2987 2268 3053 paulatim·

197 3095 264 3106 -—
299 3068 510 3136 recinas)
541 3070 640 3119 Ed.
675 3071 792 3121 Par.
817 3078 1022 3127 rescisus
1036 3114 1050 3141 ,
1093 3078 1232 3130 unde
1269 3084 1497 3130 rescissus
1534 3077 1777 3143 legerim,
1820 3075 1905 3125 cui
1944 3072 2273 3123 coniectuuae

194 3152 342 3202 favet
364 3152 504 3217 quod
523 3154 758 3217 sequitur
776 3158 994 3209 verbum
1015 3162 1322 3224 abrumpere.
1340 3190 1404 3201 —-
1419 3176 1552 3213 mmo
1572 3156 1768 3225 Cilicas)
1785 3158 1933 3211 Nihil
1952 3152 2275 3215 mutandum,

195 3249 360 3299 quum
397 3236 526 3283 6¹⁸·stae
547 3234 804 3289 adjective
827 3241 984 3291 etiam
1006 3249 1301 3308 usurpetur.
1338 3272 1406 3285 -
1436 3247 1596 3309 qualia
1612 3240 1789 3309 fuera)
1821 3240 1925 3306 ΜΒ.
1950 3238 2069 3287 Par.
2094 3247 2277 3297 aequa-

195 3321 312 3367 lem.
361 3344 429 3353 —
474 3321 559 3367 vix
581 3342 642 3351 —
669 3321 913 3391 meabilis)
950 3325 1277 3377 Vocabulum
1314 3332 1399 3378 vix
1434 3343 1544 3378 non
1579 3326 1765 3377 visitur
1802 3324 1859 3372 in
1898 3320 1981 3373 ed.
2025 3319 2144 3368 Par·
2181 3316 2277 3367 Vix

197 3404 378 3451 autem
409 3400 594 3451 abesse
627 3416 742 3453 eam
770 3419 940 3471 posse,
977 3409 1128 3461 docet
1159 3412 1246 3461 vel
1279 3419 1463 3476 aperta
1496 3410 1667 3463 solini
1702 3405 1941 3467 imit-tio,
1983 3403 2073 3465 qui
2110 3401 2187 3451 ita
2226 3414 2273 3449 e.

195 3486 284 3549 47,
313 3486 360 3533 1.
387 3483 452 3533 de
473 3484 638 3549 portis
664 3485 890 3553 Caspiis:
915 3494 1130 3545 latitudo
1150 3498 1235 3543 via:
1254 3500 1328 3543 est
1340 3498 1569 3557 plaustro
1588 3492 1829 3543 mabilia.
1866 3516 1929 3525 -
1962 3488 2111 3535 Heme
2142 3488 2277 3535 enirn

199 3604 258 3613 -
289 3569 461 3638 edicit)
498 3567 616 3619 Hoc
638 3583 704 3619 ex
731 3570 864 3638 loco,
895 3576 998 3627 nisi
1031 3578 1240 3631 Solinus
1274 3582 1583 3642 superesset,
1616 3589 1771 3641 quem
1791 3572 1843 3621 h.
1870 3571 1907 3620 1.
1940 3573 2277 3635 praeeuntem

193 3656 430 3710 habebat
469 3671 662 3733 noster,
703 3666 792 3718 vix
826 3681 922 3717 nos
963 3661 1347 3727 expediremus,
1396 3674 1555 3726 quum
1593 3660 1651 3709 in
1688 3654 1985 3705 nominibus
2022 3651 2279 3701 montium
