2567 4084
1292 141 1377 206 24

301 323 535 390 finibus
588 323 671 389 ab
729 321 986 387 Oceano
1031 320 1386 387 euroboreo
1443 323 1509 387 in
1570 322 1828 388 modum
1870 323 2054 410 fungi
2094 325 2379 410 primum

302 423 547 506 tenuis»,
615 428 762 509 post
803 421 963 486 haec
1005 421 1313 486 latissima
1368 428 1431 487 et
1486 423 1760 488 rotunda
1817 422 2023 489 forma
2058 425 2375 504 exoritur,

303 541 573 607 vergens
615 522 698 587 ad
739 521 1041 604 Hunnos,
1085 519 1378 587 Albanos
1421 527 1485 588 et
1526 521 1711 588 Seres
1756 541 1957 608 usque
2000 521 2377 606 digreditur.

304 621 504 706 Haec,
548 622 830 707 inquam,
876 619 1103 706 patria,
1149 618 1232 684 ad
1275 625 1374 686 est
1418 620 1711 705 Scythia,
1755 619 1946 706 longe
1990 641 2058 687 se
2100 621 2377 686 tendens

303 720 556 807 lateque
621 720 943 806 aperiens,
999 718 1198 784 habet
1262 718 1346 796 ab
1407 721 1647 786 oriente
1707 720 1928 806 Seres,
1973 720 2040 786 in
2083 720 2225 805 ipso
2270 719 2379 784 sui

298 821 622 906 principio
666 820 749 884 ad
791 818 970 884 littus
1015 817 1235 904 Caspii
1279 820 1471 884 maris
1514 825 2018 904 commanentes;
2065 819 2149 884 ab
2194 819 2375 884 ocei-

305 919 495 983 dente
541 917 890 983 Germanos
950 924 1013 982 et
1068 918 1305 982 flumen
1338 918 1677 1002 ·Vistulae;
1738 921 1821 984 ab
1865 925 2119 1002 arctoo,
2164 919 2232 984 id
2277 923 2379 984 est

305 1017 818 1103 septentrionali,
875 1017 1300 1082 circumdatur
1355 1035 1624 1102 oceano,
1684 1038 1723 1082 a
1777 1018 2039 1084 meridie
2083 1016 2375 1102 Persida,

305 1116 620 1199 Albania,
678 1117 979 1198 Hiberia,
1035 1115 1278 1196 Ponto,
1338 1121 1531 1202 atque
1591 1122 1873 1183 extremo
1918 1117 2104 1183 alveo
2148 1117 2377 1201 Histri,

307 1217 421 1302 qui
462 1215 693 1280 dieitur
732 1216 1072 1282 Danubius
1115 1215 1198 1280 ab
1243 1215 1407 1280 ostio
1452 1235 1569 1282 suo
1611 1235 1815 1302 usque
1858 1217 1941 1282 ad
1983 1217 2239 1282 fontem.
2296 1216 2379 1280 In

307 1333 384 1381 eo
430 1335 582 1380 vero
625 1315 842 1405 latere,
887 1335 1015 1400 qua
1049 1314 1386 1380 Ponticum
1415 1314 1566 1380 litus
1601 1315 1874 1400 attingit,
1914 1317 2170 1403 oppidis
2201 1315 2381 1382 haud

313 1415 600 1480 obscuris
630 1415 999 1498 involvitur,
1026 1414 1512 1499 Borysthenide,
1539 1415 1752 1500 Olbia,
1787 1415 2143 1503 Callipoda,
2170 1416 2377 1483 Cher-

309 1535 489 1543 ——--.—
514 1539 524 1542 -
636 1539 645 1541 -
840 1538 1053 1542 ,.--.-,-
1065 1538 1137 1542 ---.-

309 1566 450 1615 enim
492 1567 786 1631 analogiam
832 1569 1085 1617 conflatae
1124 1571 1244 1616 sunt
1288 1581 1440 1616 voees
1483 1572 1763 1616 euroauster
1794 1568 1994 1618 Aethio.
2036 1569 2118 1620 ed.
2166 1567 2376 1617 Wuttk.

313 1663 360 1700 o.
395 1651 477 1697 21.
525 1653 820 1699 caroea-cias
860 1649 1140 1713 Vitruv.1,
1173 1651 1222 1712 6,
1249 1651 1330 1702 10.
1380 1655 1639 1700 aaronem
1681 1650 1885 1703 Colum.
1910 1651 1981 1714 H,
2005 1653 2057 1702 2.
2092 1655 2147 1700 et
2167 1650 2379 1714 Apulei.

313 1731 378 1781 de
395 1732 573 1782 Mund.
597 1747 650 1796 p.
677 1735 741 1782 62
766 1734 848 1788 ed.
866 1733 1104 1784 Elmenh.
1125 1734 1252 1797 quin
1270 1736 1551 1795 euroaquilo
1562 1733 1676 1783 Aet.
1689 1733 1920 1797 Apostol.
1934 1733 2155 1796 XXVII,
2168 1734 2379 1782 l4vers.

311 1816 454 1880 vulg.
491 1815 673 1880 quidni
719 1817 790 1866 ad
839 1817 1054 1867 eandem
1104 1816 1393 1866 euroboreas
1431 1815 1547 1880 quis
1590 1815 1797 1866 finxerit
1835 1818 2223 1882 euroboreusque
2252 1814 2383 1865 inde

309 1897 626 1949 adieetivum
658 1899 1006 1950 derivaverit?
1048 1899 1244 1949 Lexioa
1275 1899 1483 1963 quidem
1512 1899 1757 1964 ignorant
1784 1900 1841 1948 id
1874 1899 2033 1963 vocis,
2065 1913 2382 1962 quamquam

313 1995 376 2031 ea
409 1997 506 2032 suo
540 1989 750 2034 auctore
781 1999 887 2033 non
921 1988 1000 2033 est
1033 1983 1306 2044 destituta3
1354 1982 1495 2046 apud
1527 1981 1805 2046 Vegetium
1838 1984 1976 2032 enim
2009 1983 2074 2034 R.
2112 1981 2182 2031 M.
2218 1981 2285 2044 V,
2322 1983 2374 2034 8.

311 2069 504 2114 caecias
533 2071 635 2116 sive
665 2068 951 2116 euroboreus
985 2066 1174 2116 diserte
1206 2065 1509 2129 praeferunt
1538 2063 1677 2129 libri,
1710 2065 1790 2114 uti
1822 2069 2042 2114 testatur
2062 2063 2381 2126 Seriverius3

1665 1538 1972 1546 --—-——...-—

313 2161 474 2210 quare
506 2163 598 2198 eur
630 2155 796 2200 mutet
815 2151 901 2200 hio
923 2151 1211 2220 quisquam,
1243 2148 1455 2197 minime
1487 2147 1658 2198 video.
1718 2147 1871 2211 Quod
1904 2147 1971 2197 ad
2004 2163 2127 2212 rem,
2164 2163 2380 2198 eonsen-
2470 2207 2477 2214 ο

311 2230 452 2279 tiunt
485 2246 603 2280 oum
635 2237 809 2282 nostro
853 2237 966 2282 tum
998 2232 1092 2281 alii
1123 2244 1254 2294 quos
1296 2229 1449 2280 modo
1481 2230 1711 2295 laudavi,
1734 2236 1857 2280 -tum
1890 2231 2137 2281 Manilius
2168 2231 2378 2281 Astron.

316 2311 412 2374 IV,
449 2313 561 2362 647.
599 2341 668 2352 -
701 2313 922 2382 Persida)
958 2313 1046 2366 Sio
1080 2313 1159 2365 ed.
1196 2329 1276 2377 pr.
1315 2313 1532 2364 eandem
1564 2315 1787 2364 nominis
1820 2315 2035 2364 formam
2069 2313 2290 2378 legimus
2324 2314 2383 2364 in

314 2395 486 2445 Fastis
529 2396 741 2461 Cuspin.
790 2398 857 2448 ad
900 2415 948 2449 a.
992 2399 1109 2450 266.
1161 2403 1336 2460 capim
1374 2397 1665 2445 Valerianus
1696 2400 1753 2444 ἑη
1784 2396 2017 2457 Ροωίἀας
2052 2395 2193 2460 apud
2225 2396 2383 2446 Aeth.

317 2495 364 2532 o.
401 2481 486 2533 84.
531 2481 757 2544 deferant
799 2480 890 2528 tibi
933 2481 1184 2529 Chaldaea
1219 2486 1264 2530 et
1295 2479 1499 2528 Persida
1524 2483 1779 2542 plaustum
1816 2479 1959 2543 apud
1992 2478 2145 2529 eund.
2182 2495 2226 2529 e.
2266 2481 2380 2528 107.

313 2567 508 2614 vicinae
549 2570 666 2614 avmt
697 2566 924 2626 Assyria,
965 2563 1132 2613 Media
1173 2571 1223 2614 et
1261 2577 1447 2626 mayna
1486 2562 1705 2612 Persida.
1778 2562 1962 2612 Lectio
2004 2561 2145 2626 vulg.
2189 2562 2385 2610 Perside

316 2661 350 2695 a
382 2647 701 2696 Leunolavio
734 2649 965 2710 profecta
998 2653 1105 2707 est3
1140 2647 1234 2698 sed
1264 2663 1317 2699 v.
1350 2659 1485 2708 quae
1516 2660 1637 2693 mox
1668 2648 1917 2694 annotata.
1946 2643 2013 2694 de
2048 2645 2246 2694 talibus
2282 2645 2387 2695 for-

315 2728 416 2778 mis
455 2729 709 2793 legentur.
745 2757 805 2768 —·
843 2734 925 2793 qui
957 2733 1136 2780 dicitur
1157 2755 1226 2776 2-—
1237 2726 1447 2795 fontem)
1485 2728 1730 2777 Romanis
1762 2726 1969 2790 quidem
1994 2742 2383 2792 nonnunquam,

319 2811 532 2862 Graecis
565 2827 669 2862 non
701 2814 852 2874 item3
890 2813 1070 2862 dubito
1104 2817 1295 2878 tamen,
1326 2828 1455 2862 num
1474 2809 1709 2860 Iordanis
1742 2810 2019 2874 scripserit,
2044 2811 2299 2876 quomodo
2328 2811 2385 2860 in

319 2894 436 2944 edd.
468 2895 684 2959 legitur3
729 2896 834 2945 alio
867 2895 1074 2945 videtur
1105 2895 1296 2946 duoere
1326 2896 1483 2946 lectio
1515 2893 1657 2957 Epit.
1692 2898 1903 2942 extremo
1938 2896 2077 2942 alveo
2100 2895 2276 2957 Histri,
2302 2896 2386 2956 qm·

319 2979 583 3028 Danubius
615 2980 798 3028 dicitur
837 2979 900 3026 ab
942 2983 1066 3028 ostio
1100 2993 1188 3028 suo
1220 2981 1402 3041 yrandi
1433 2984 1595 3028 tractu
1636 2995 1802 3028 versus
1829 2979 2022 3042 sontem
2055 2980 2283 3039 ninyam.
2316 3005 2386 3014 -

319 3067 376 3112 ἐπ
408 3060 580 3129 latere)
616 3061 704 3112 Sic
735 3077 829 3126 pro
864 3066 958 3113 loci
991 3067 1144 3112 latere
1174 3061 1309 3113 Pau.
1351 3089 1409 3100 -
1441 3076 1539 3124 qua
1559 3089 1627 3100 --
1648 3059 1869 3128 attingit)
1904 3061 1987 3110 Ita
2008 3075 2103 3123 pro
2126 3059 2269 3124 vulg.
2293 3073 2383 3122 quo

303 3145 452 3198 Pau,
499 3161 614 3196 cum
659 3147 763 3211 Mg.
809 3146 926 3195 Par.
971 3145 1064 3195 sed
1102 3145 1245 3209 Epit.
1283 3146 1426 3208 quod.
1479 3171 1548 3183 --
1597 3145 1964 3208 Borysthenide,
2003 3140 2173 3209 olbia)
2207 3143 2385 3193 Ambr.

319 3231 628 3291 Hori-stende,
669 3231 834 3293 Olbia,
853 3229 963 3292 ΜΕ.
989 3228 1106 3281 Par.
1139 3229 1356 3278 vocibus
1388 3228 1523 3277 male
1558 3227 1813 3278 distinctis
1834 3228 2134 3288 Romami,
2158 3227 2382 3275 Deolbia.

320 3341 382 3352 ·-
424 3312 714 3376 Callipoda)
760 3311 850 3362 Sic
893 3310 1024 3360 Pan.
1069 3311 1247 3362 Ambr.
1296 3317 1350 3362 et
1392 3312 1534 3376 Epit.
1578 3312 1681 3362 nisi
1722 3310 1861 3375 quod
1896 3310 2176 3372 Oulippada
2221 3309 2383 3359 haee:

323 3396 570 3458 Οαιίροάα
617 3394 700 3449 ed.
749 3411 830 3460 pr.
875 3394 1013 3460 quod
1055 3394 1112 3443 in
1161 3396 1415 3458 Gauipode
1457 3398 1653 3458 primus
1686 3394 1907 3443 mutavit
1936 3391 2288 3442 Leunelavius
2319 3417 2387 3429 —-

325 3475 588 3544 Cher-rona)
622 3479 706 3528 Ita
737 3479 912 3530 Ambr.
949 3485 1004 3528 et
1037 3493 1066 3528 e
1100 3482 1277 3528 nostro
1311 3480 1587 3528 Ravennae
1620 3477 1724 3539 IV,
1762 3479 1809 3525 3.
1847 3475 1915 3538 V,
1952 3477 2031 3523 11.
2067 3474 2211 3538 Epit.
2246 3475 2388 3524 insu-

323 3575 418 3623 per
453 3565 504 3610 et
537 3562 617 3611 ed.
653 3577 730 3626 pr.
769 3562 860 3612 sed
891 3562 1024 3612 Pau.
1065 3564 1320 3620 Chersone,
1356 3561 1459 3610 nisi
1489 3560 1764 3610 lectionem
1788 3571 1961 3607 eorum
1990 3571 2178 3621 operae
2200 3557 2386 3607 vitiose

323 3645 684 3706 expresserunt
715 3646 772 3694 in
807 3645 887 3694 ed.
925 3645 1072 3696 Grut.
1105 3642 1246 3708 quod
1278 3642 1435 3706 vulgo
1469 3642 1659 3706 legitur
1696 3643 1957 3703 Chersone,
2001 3655 2036 3689 a
2068 3639 2386 3690 Leunolavio
