2567 4084
1118 162 1204 228 49

129 342 298 410 cidio
338 361 696 424 removere,
735 361 960 426 verum
1003 342 1196 410 etiam
1241 348 1306 409 et
1347 363 1509 430 quos
1550 343 1705 412 foris
1758 345 2015 412 merant
2067 347 2205 414 iure

128 440 284 508 belli
313 441 562 528 adepti,
599 442 1036 528 reddiderunt,
1081 443 1467 530 foedereque
1500 444 1659 512 inito
1698 444 1783 510 ad
1816 463 1932 510 sua
1964 446 2207 512 reversi

131 545 302 606 sunt.
377 540 588 624 Quem
657 541 876 608 dolum
935 548 1090 630 post
1154 543 1421 628 longum
1480 549 1733 631 tempus
1797 544 2207 616 reminiscens

129 640 424 726 egregius
453 640 811 710 Gothorum
855 643 1080 708 ductor
1107 642 1405 726 SitalcuS,
1451 649 1705 710 centum
1746 643 2207 731 quinquaginta

132 741 420 808 virorum
441 741 728 808 millibus
746 741 1169 826 congregatis,
1205 741 1713 808 Atheniensibus
1728 742 1945 808 intulit
1964 743 2207 812 bellum

129 839 442 906 adversus
463 840 860 926 Perdiccam,
879 839 1297 906 Macedoniae
1338 859 1575 926 regem,
1621 861 1811 927 quem
1838 842 2208 912 Alexan-der

131 938 302 1024 apud
381 938 816 1024 Babyloniam
892 937 1163 1004 ministri
1234 939 1483 1006 insidiis
1562 946 1813 1028 potans.
1859 942 2205 1033 interitum,

132 1036 626 1106 Atheniensium
656 1039 1043 1126 principatui
1068 1041 1497 1106 haereditario
1522 1041 1661 1106 iure
1688 1041 2031 1128 reliquerat
2058 1064 2205 1110 suc-

131 1154 466 1202 cessorem.
551 1138 788 1223 Magno
843 1140 1088 1226 proelio
1150 1159 1297 1204 cum
1350 1139 1477 1204 hoc
1530 1139 1688 1206 inito
1748 1139 1945 1206 Gothi
2010 1163 2205 1230 supe-

132 1234 332 1302 riores
373 1237 623 1303 inventi
649 1242 818 1322 sunt,
863 1244 928 1304 et
955 1240 1046 1306 sic
1074 1259 1190 1326 pro
1229 1239 1481 1323 iniuria,
1517 1258 1711 1325 quam
1743 1239 1838 1306 illi
1872 1240 1940 1304 in
1962 1242 2207 1310 Moesia

133 1333 378 1400 dudum
423 1336 740 1415 fecissent,
783 1337 889 1404 isti
929 1339 1000 1404 in
1041 1338 1375 1405 Graeciam
1420 1337 1865 1422 discurrentes,
1912 1347 2207 1408 cunctam

135 1432 580 1500 Macedoniam
621 1441 976 1502 vastavere.

337 1565 462 1630 XI.
547 1567 802 1633 Dehinc
863 1575 1168 1654 regnante
1232 1567 1463 1636 Gothis
1516 1569 1819 1634 Burvista
1884 1571 2207 1638 Diceneus

138 1666 312 1732 venit
354 1667 425 1731 in
451 1667 772 1744 Gothiam,
812 1689 938 1754 quo
967 1681 1252 1756 tempore
1290 1670 1727 1735 Romanorum
1750 1667 1932 1754 Sylla
1968 1672 2209 1757 potitus

134 1905 413 1971 legendum
447 1903 530 1966 sit,
565 1917 699 1968 quae
732 1917 835 1953 vox
867 1907 921 1953 et
949 1903 1088 1952 infra
1121 1917 1163 1952 c.
1201 1905 1285 1954 56.
1322 1917 1439 1952 cum
1468 1901 1653 1953 accidie
1688 1907 1980 1967 permutata
2018 1903 2211 1967 reperi·-

135 1991 232 2036 tur.
287 2015 356 2026 -
415 1987 699 2052 removere}
721 1986 840 2036 Hoc
871 1986 1087 2036 verbum
1120 2001 1228 2035 non
1271 1985 1460 2035 visitur
1498 1987 1557 2035 in
1586 1985 1720 2036 Pan.
1754 1983 1845 2035 sed
1879 1987 2017 2036 enim
2050 1994 2212 2051 quum

135 2081 285 2120 voces
317 2083 424 2120 non
458 2075 655 2120 tantum
687 2069 845 2118 verbo
880 2084 974 2118 suo
1007 2084 1114 2119 non
1139 2069 1365 2119 debeant
1395 2069 1623 2134 destitui,
1646 2083 1815 2132 neque
1844 2083 2095 2119 removere
2121 2069 2213 2120 ab·

133 2153 304 2203 solute
337 2154 570 2218 positum
600 2153 765 2218 possit
797 2152 934 2216 ferri,
985 2167 1080 2218 ego
1115 2151 1325 2217 quidem
1339 2191 1352 2218 ‚
1401 2151 1523 2202 dum
1554 2146 1741 2202 melius
1773 2151 1900 2217 quid
1931 2155 2211 2219 succurrat,

140 2237 354 2304 legerim
390 2238 475 2287 vel
508 2239 668 2285 aciem
699 2239 921 2284 solutam
941 2262 1008 2273 -—
1028 2250 1274 2286 removere
1306 2236 1392 2286 vel
1432 2237 1539 2285 acie
1566 2239 1735 2285 soluta
1748 2244 1818 2274 '-··
1840 2250 1894 2285 se
1912 2249 2106 2287 movere
2125 2229 2215 2288 vel

139 2335 186 2370 se
216 2335 477 2383 removere,
512 2319 701 2369 hausta
727 2333 856 2368 voce
878 2333 929 2368 se
960 2333 993 2367 a
1023 2318 1191 2381 prima
1210 2318 1434 2381 proximi
1452 2317 1700 2368 vocabuli
1722 2319 1926 2384 syllaba
1946 2319 2034 2369 vel
2055 2306 2215 2368 etiam

144 2417 336 2460 movere
375 2403 490 2453 sine
530 2417 670 2465 casu,
712 2401 852 2465 quod
889 2416 997 2451 non
1037 2400 1345 2450 inusitatum
1384 2415 1497 2451 esse
1530 2399 1803 2468 docebunt
1838 2401 2107 2452 Drakenb.
2146 2397 2217 2452 ad

139 2485 257 2539 Liv.
288 2487 360 2550 X,
385 2487 435 2550 4,
461 2487 512 2534 9.
550 2489 602 2534 et
621 2483 794 2534 Fabri.
830 2484 898 2534 ad
933 2483 1085 2534 eund.
1118 2483 1272 2546 XXI,
1309 2485 1391 2547 32,
1431 2486 1479 2533 1.
1545 2497 1659 2544 quos
1676 2511 1743 2521 —
1756 2481 1979 2548 merum)
2012 2483 2099 2534 Ita
2130 2484 2213 2535 οδ.

141 2567 289 2620 Grut.
325 2581 446 2618 cum
475 2567 617 2632 Epit.
649 2567 752 2618 nisi
783 2566 921 2632 quod
948 2567 1080 2616 haec
1112 2579 1234 2628 quae
1263 2579 1358 2629 pro
1392 2579 1511 2628 quos
1544 2565 1683 2616 sistit
1702 2581 1720 2616 2
1758 2560 1945 2617 melius
1966 2567 2213 2629 sonasset
2313 2599 2318 2604 -

141 2661 190 2702 v.
224 2667 340 2715 quos
351 2653 600 2714 -ruerunt,
633 2679 704 2690 —
747 2648 980 2718 Sitatcm)
1013 2649 1225 2700 Rectius
1245 2649 1451 2698 Sitalces
1472 2649 1752 2713 scribatur,
1794 2651 1920 2718 qnia
1941 2643 2216 2716 Σιτάλκης

139 2732 278 2784 idem
297 2738 380 2784 est
397 2731 636 2798 Graecis3
661 2734 1102 2785 consentientibus
1117 2739 1294 2783 tamen
1308 2733 1365 2782 in
1380 2731 1525 2781 illam
1540 2733 1755 2782 formam
1769 2731 1933 2799 libris,
1951 2734 2219 2799 vulgatam

143 2815 270 2866 duxi
302 2770 641 2868 retinendam.
676 2843 746 2856 —
771 2817 976 2882 potans)
1015 2817 1192 2868 Ambr.
1223 2823 1425 2882 putam.
1471 2845 1541 2858 -
1589 2821 1646 2868 in
1680 2815 1961 2884 Graeciam)
1994 2816 2131 2868 Rod.
2161 2819 2219 2866 in

143 2901 372 2952 Graecia.

278 3015 536 3082 Gap.X1.
607 3019 800 3068 Dehinc
829 3022 1061 3082 regnante
1099 3018 1272 3068 Gothis
1306 3017 1570 3084 Bur-vesta)
1604 3016 1693 3067 Sic
1724 3017 1919 3082 optime
1948 3016 2081 3068 Pan.
2124 3031 2217 3084 pro

144 3100 361 3166 vulgato
395 3101 570 3150 dehinc
599 3104 832 3162 reymnte
859 3103 918 3150 in
955 3099 1128 3150 Gothis
1165 3099 1365 3162 Sitaloo,
1399 3102 1633 3150 Boroista
1663 3101 1921 3162 Dicemus,
1956 3104 2221 3165 tamquam

143 3183 194 3238 si
221 3183 464 3232 Boroista
493 3179 635 3232 idem
666 3182 748 3233 vir
788 3186 924 3256 esset
957 3183 1050 3248 qui
1081 3183 1363 3255 Diceneus.
1432 3182 1673 3233 Ceterum
1693 3182 1751 3232 in
1776 3180 2061 3233 Gothorum
2082 3181 2219 3248 regis

145 3266 358 3320 nomine
391 3265 615 3315 multum
647 3265 943 3330 discrepant
979 3265 1127 3318 libri:
1161 3281 1285 3316 nam
1317 3267 1374 3316 in
1402 3265 1578 3316 Ambr.
1602 3266 1849 3316 Bimtsia
1880 3264 2070 3328 legitur
2091 3277 2220 3316 sem-

145 3363 261 3416 per,
293 3349 352 3398 in
389 3347 498 3412 Mg.
533 3348 651 3401 Par.
687 3347 840 3397 modo
873 3349 1126 3408 Ramista,
1169 3349 1323 3400 modo
1346 3349 1619 3409 Burvista3
1666 3346 1940 3412 Freculph.
1980 3347 2222 3414 Βοιωτία

146 3431 380 3496 exhibet,
413 3429 545 3482 Rod.
569 3432 824 3496 Bon-vista,
870 3430 1000 3482 Exc.
1021 3446 1166 3492 -cum
1211 3431 1297 3484 ed.
1342 3431 1489 3482 Grut.
1512 3431 1762 3490 Borbista,
1806 3431 1949 3506 Epit.
1974 3429 2221 3494 Ramista,

146 3513 302 3568 Bonf.
325 3516 578 3566 Bootusca.
625 3514 931 3567 Lectionem
953 3519 1128 3566 autem
1147 3514 1280 3566 Pall.
1306 3519 1366 3566 ut
1395 3514 1693 3578 reciperem,
1727 3512 1890 3564 movit
1909 3526 1993 3560 me
2014 3510 2222 3572 Strabo,

147 3597 239 3656 cui
269 3597 612 3668 Βυρεβίστας
645 3603 724 3652 est
753 3599 847 3650 ine
872 3583 1158 3652 Gothorum
1190 3613 1284 3648 rex
1306 3598 1425 3652 Lib.
1451 3597 1575 3663 VII,
1610 3598 1657 3648 3.
1672 3612 1723 3664 p.
1748 3597 1865 3646 206.
1892 3594 1971 3646 ed.
1997 3593 2221 3644 Casaub.

147 3695 206 3746 Ρ.
247 3682 338 3736 76.
363 3682 600 3734 Tauchn.
636 3687 692 3734 et
723 3683 788 3733 L.
820 3683 966 3748 XVI,
1011 3685 1060 3736 2.
1093 3699 1146 3752 p.
1181 3683 1317 3737 524.
1344 3681 1429 3734 ed.
1450 3681 1691 3744 Casaub.
1728 3695 1783 3746 p.
1826 3678 1947 3732 375.
1986 3675 2221 3734 Tauohn.

1787 3763 1825 3812 4
