2567 4084
1281 162 1442 227 102χ

305 340 745 408 deficientibus
769 354 781 359 “
801 342 968 407 filios
1011 360 1231 407 eorum
1274 361 1507 407 avarus
1548 348 1858 408 mereator
1901 343 2111 408 victus
2152 362 2385 409 neces-

307 441 492 505 sitate
535 440 842 527 exposcit.
927 440 1119 505 Haud
1163 440 1333 505 enim
1352 460 1361 467 ⁸
1378 460 1561 506 secus
1605 446 1901 527 parentes
1942 441 2214 525 faciunt,
2272 461 2383 506 sa-

304 539 424 605 luti
469 560 730 605 suorum
772 540 1112 625 pignorum
1153 537 1601 625 providentes:
1646 540 1845 605 satius
1883 539 2237 605 deliberant
2275 541 2385 605 in-

302 639 693 722 genuitatem
778 640 985 725 perire
1065 660 1257 725 quam
1347 640 1549 703 vitam
1576 688 1594 723 ,
1676 638 1826 704 dum
1891 638 2385 705 misericorditer

304 738 572 802 alendus
618 738 758 823 quis
804 738 1104 804 venditur
1121 788 1138 822 ,
1185 757 1374 826 quam
1419 738 1761 804 moriturus
1804 742 2111 803 servatur.
2200 738 2382 805 Con-

304 836 452 919 tigit
507 838 675 903 enim
732 836 843 904 illo
899 838 1019 903 sub
1077 844 1365 924 tempore
1420 856 1799 902 aerumnoso
1826 886 1843 921 ,
1906 836 2256 922 Lupicinus
2310 843 2385 901 ut

309 936 536 1001 ductor
577 938 1010 1003 Romanorum
1044 938 1491 1023 Fritigernum,
1540 937 1897 1003 Gothorum
1938 936 2252 1020 regulum,
2296 934 2385 1000 ad

307 1035 677 1101 convivium
706 1038 1026 1121 invitaret,
1071 1039 1415 1123 dolumque
1458 1036 1537 1116 ei,
1583 1042 1655 1102 ut
1696 1042 1848 1123 post
1890 1037 2099 1102 exitus
2141 1034 2383 1119 docuit,

307 1136 652 1200 moliretur.
741 1136 871 1202 Sed
909 1137 1305 1222 Fritigernus
1350 1136 1483 1202 doli
1524 1136 1797 1219 nesciuS,
1844 1155 1988 1201 eum
2031 1154 2385 1221 paucorum

307 1234 614 1300 comitatu
656 1236 738 1300 ad
783 1236 1152 1301 convivium
1194 1235 1458 1302 veniens
1478 1286 1495 1320 ,
1553 1236 1704 1302 dum
1746 1237 1921 1301 intus
1963 1236 2029 1301 in
2062 1233 2385 1322 praetorio

311 1334 678 1419 epularetur
701 1385 718 1419 ,
822 1334 1163 1400 clamorem
1248 1336 1623 1401 miserorum
1706 1335 2109 1401 morientium
2184 1332 2385 1397 audit.

309 1432 475 1497 Nam
511 1428 646 1498 'alia
684 1434 750 1497 in
795 1440 976 1519 parte
1020 1435 1227 1500 socios
1271 1435 1409 1500 eius
1451 1435 1733 1500 reclusos
1779 1435 1932 1500 dum
1974 1434 2207 1499 milites
2260 1430 2387 1497 du-

309 1674 402 1717 aut
425 1669 588 1717 decem
609 1668 760 1717 libras
784 1674 946 1718 camis
967 1676 1318 1732 merear-emm,
1352 1670 1487 1719 Rod.
1510 1686 1604 1733 pro
1635 1685 1736 1719 uno
1768 1684 1899 1733 pane
1932 1675 2024 1719 aut
2057 1670 2221 1718 decem
2244 1668 2384 1717 libris

309 1745 536 1799 car-niun}
569 1758 891 1816 merca-retur,
938 1751 1066 1803 Exc.
1101 1758 1157 1803 in
1188 1768 1287 1802 uno
1320 1770 1453 1817 pane
1488 1759 1576 1802 aut
1609 1755 1771 1802 decem
1804 1754 2045 1803 librarum
2079 1766 2225 1801 came
2256 1766 2387 1799 mer-

307 1840 550 1886 earmtar.
595 1834 928 1897 ¹Gon-ruptum
975 1849 1088 1885 esse
1129 1836 1304 1887 locum
1336 1838 1393 1885 in
1427 1836 1663 1886 omnibus
1698 1840 1947 1899 apparet:
2000 1834 2129 1900 quid
2161 1834 2206 1883 si
2238 1834 2388 1898 legas

309 1917 704 1967 Ambrosianum
748 1918 972 1968 maxime
1017 1924 1224 1969 secutus
1269 1926 1327 1969 ut
1366 1920 1609 1983 quodlibet
1650 1922 1959 1982 mancipium
2001 1933 2100 1968 uno
2128 1930 2263 1980 pane
2296 1920 2390 1965 aut

307 2002 474 2050 decem
527 2003 695 2050 libras·
729 2016 832 2050 una
875 2006 1039 2051 camis
1083 2009 1449 2053 mercarentur?
1501 2028 1563 2037 -
1615 2006 1773 2051 victus
1804 1997 2109 2065 necessitate)
2168 1998 2227 2049 Si
2260 2013 2391 2047 sana

311 2087 392 2131 est
436 2084 626 2147 lecti0‚
678 2088 835 2134 victtce
879 2086 1136 2151 genitivus
1179 2090 1260 2134 est
1306 2086 1647 2149 substantivi,
1700 2101 1805 2135 non
1840 2084 2191 2149 participium,
2240 2081 2390 2144 isque

309 2164 446 2215 inest
476 2166 649 2215 verbis
683 2181 896 2230 sensus,
934 2167 1072 2230 quod
1105 2168 1272 2217 victus
1309 2169 1383 2217 eis
1418 2173 1553 2217 esset
1588 2168 1907 2217 necessarius
1925 2204 1938 2231 ,
1970 2168 2101 2217 dura
2134 2170 2273 2214 certe
2308 2164 2391 2213 in-

310 2248 570 2311 solitaque
603 2254 873 2299 structura.
940 2248 1044 2299 Sed
1081 2251 1218 2299 enim
1251 2266 1450 2314 vereor,
1497 2266 1565 2300 ne
1600 2254 1841 2314 corrupta
1874 2250 1941 2301 sit
1972 2249 2148 2312 lectio,
2184 2246 2389 2297 coalitis

307 2329 366 2379 in
419 2346 574 2385 unam
626 2332 827 2383 duabus
877 2333 1092 2384 vocibus
1141 2333 1520 2399 legendumque
1563 2333 1737 2383 iudico
1790 2331 2085 2383 disiunctim
2126 2335 2291 2381 'viem
2327 2344 2390 2379 m

309 2422 514 2465 cessaret
545 2417 632 2465 vel
667 2420 939 2479 cessitaret,
977 2417 1115 2480 quod
1147 2417 1407 2482 posterius
1439 2417 1653 2467 verbum
1686 2416 1784 2467 etsi
1812 2417 1986 2481 legere
2016 2430 2125 2466 non
2158 2412 2389 2481 memini,

313 2497 495 2548 eodem
540 2503 714 2549 tamen
755 2499 908 2549 modo
953 2500 1226 2550 formatum
1262 2506 1369 2565 est,
1423 2517 1525 2565 quo
1570 2500 1829 2550 intensive
1862 2501 1928 2550 ab
1976 2514 2037 2549 eo
2058 2536 2072 2559 ,
2126 2497 2267 2562 quod
2310 2500 2393 2545 est

317 2594 486 2645 cursa,
523 2580 583 2631 fit
615 2587 829 2646 cursito,
867 2584 1006 2647 quod
1039 2590 1183 2634 canto
1201 2620 1218 2645 ,
1259 2588 1443 2633 cantito
1463 2620 1479 2644 ,
1515 2583 1655 2648 quod
1687 2585 1816 2634 dicto
1836 2619 1851 2645 ‚
1888 2585 2057 2631 dictito
2090 2582 2303 2643 aliaque
2334 2578 2393 2627 id

314 2678 494 2726 genuS.
565 2664 807 2716 Ceterum
829 2666 935 2731 Mg.
956 2666 1076 2717 Par.
1112 2684 1205 2731 pro
1238 2671 1395 2716 victus
1428 2670 1710 2717 necessitate
1741 2669 2096 2729 repraesentat
2127 2667 2283 2712 vietor
2298 2663 2389 2724 fa-

315 2752 430 2811 mis,
466 2762 600 2811 quae
631 2750 788 2799 lectio
823 2766 856 2797 a.
890 2756 1174 2799 correctore
1207 2750 1384 2813 aliquo
1416 2750 1623 2799 videtur
1654 2750 1902 2814 profecta.
1957 2775 2025 2785 —
2074 2743 2249 2807 saluti)
2302 2743 2391 2795 Sic

229 2823 236 2836 '
313 2830 449 2879 Pau.
481 2830 657 2883 Ambr.
689 2831 853 2892 Rod.;
889 2848 938 2879 v.
963 2835 1192 2896 salutem,
1229 2832 1369 2895 quod
1392 2833 1579 2883 sistunt
1602 2833 1759 2881 etiam
1780 2831 1911 2883 Exc.
1945 2858 2013 2869 —-
2042 2827 2224 2895 satias)
2258 2828 2387 2877 Exc.

312 2916 532 2979 facilius,
567 2913 742 2964 Ambr.
781 2929 895 2964 cum
930 2914 1036 2979 Mg.
1073 2915 1191 2964 Par.
1223 2916 1541 2978 faciliusqu23
1595 2916 1813 2966 fortasse
1844 2920 2108 2975 satiusque.
2150 2940 2210 2948 —
2247 2916 2392 2961 mise·

314 2998 598 3061 riom-diter)
633 2998 810 3047 Ambr.
844 2998 1206 3047 mnf-semmam.
1244 3024 1313 3033 —
1353 3002 1459 3060 quis·
1492 2996 1737 3063 venditur)
1789 2998 1887 3048 Ed.
1926 2996 2071 3047 Grut.
2108 2999 2193 3059 qui
2223 2996 2394 3050 vendi-

317 3088 416 3141 tur,
459 3081 587 3131 Exo.
606 3085 710 3143 quis
729 3082 967 3145 venditus.
995 3108 1062 3117 --
1083 3082 1355 3143 Lupicinus
1376 3087 1436 3130 ut
1452 3083 1624 3131 ductor
1641 3076 1977 3131 Romanorum
1992 3082 2395 3142 Fn‘to'yemum—

315 3162 576 3231 invitaret)
629 3162 718 3213 Sic
760 3162 895 3215 Pau.
933 3164 1061 3213 Exc.
1107 3164 1188 3217 ed.
1223 3165 1343 3214 Par.
1384 3166 1609 3228 pessime
1654 3164 1811 3231 vulgo
1844 3165 2086 3227 Lupicino
2120 3168 2169 3211 et
2200 3164 2396 3211 ductori

321 3250 662 3317 Romanorum
710 3252 768 3297 ut
816 3248 1155 3309 Fn'diyemum
1179 3272 1246 3285 -
1267 3251 1503 3296 invitaret
1521 3266 1539 3295 .·
1596 3262 1749 3311 quam
1802 3250 2059 3297 rectinens
2112 3246 2397 3307 lectionem

317 3330 604 3381 Vulcanius
654 3331 742 3380 vel
791 3338 1060 3393 superesse
1108 3332 1347 3395 copulam
1388 3330 1473 3379 vel
1507 3332 1744 3393 Lupicino
1778 3336 1827 3379 et
1856 3332 2077 3379 Mai-imo
2112 3328 2395 3379 ductoribus

313 3414 590 3479 legendum
641 3428 754 3465 esse
805 3414 1035 3478 putavit:
1097 3415 1336 3477 copulam
1379 3415 1437 3463 in
1484 3426 1579 3464 sua
1610 3414 1805 3464 delevit
1836 3411 2273 3475 Linde‘nbrogiuS.
2328 3437 2396 3449 -

315 3499 619 3567 epularetur)
671 3500 754 3549 Ita
780 3512 896 3566 >pro
946 3499 1088 3563 vulg.
1144 3503 1373 3561 epulatus
1420 3503 1491 3546 est
1534 3497 1666 3549 Pall.
1706 3496 1801 3546 sed
1830 3496 1958 3545 Exc.
2006 3510 2121 3545 cum
2158 3494 2238 3568 ed.
2274 3493 2396 3545 Par.

323 3586 577 3647 epulatur,
637 3584 776 3648 quod
807 3582 1006 3647 recepit
1036 3582 1469 3646 LindenbrogiuS.
1527 3606 1593 3617 --
1648 3577 1813 3643 audit)
1848 3577 1937 3629 Sic
1968 3578 2101 3628 Pau.
2138 3577 2233 3629 sed
2266 3577 2398 3627 Exc.

317 3664 540 3723 audivi&
576 3679 627 3713 v.
665 3668 880 3716 audiret.
915 3692 984 3703 —-
1015 3665 1333 3728 miserorum)
1369 3663 1451 3711 An
1484 3676 1687 3711 suoram
1707 3668 1733 3709 P
1768 3691 1829 3701 --
1868 3663 2000 3711 Nam
2022 3663 2129 3709 alia
2152 3664 2211 3711 in
2227 3659 2398 3723 parte)
