2567 4084
1316 170 1438 237 130

349 355 689 423 historicus
745 354 862 421 tali
914 352 1106 419 refert
1145 352 1479 419 occasione
1522 348 1868 416 detectum:
1928 348 2143 435 Quum
2182 352 2409 434 pastor

349 456 753 543 -inquiens
780 492 862 503 --
891 452 1151 540 quidam
1195 450 1405 535 gregis
1448 468 1641 516 unam
1681 448 1983 537 buculam
2010 449 2409 535 conspiceret

349 556 815 625 claudicantem
833 600 850 635 ,
888 571 1012 644 nee
1051 568 1311 616 causam
1350 548 1511 613 tanti
1554 547 1838 615 vulneris
1875 548 2191 615 inveniret
2206 597 2225 631 ,
2270 546 2409 614 sol·-

346 655 560 723 lieitus
617 652 890 737 vestigia
943 649 1186 715 cruoris
1228 648 1582 733 insequitur
1600 696 1619 731 ,
1676 646 2061 734 tandemque
2100 646 2279 713 venit
2317 646 2408 711 ad

345 754 636 845 gladium
655 801 672 833 ,
719 770 908 839 quem
951 748 1301 834 depascens
1344 746 1575 813 herbas
1618 746 1855 813 bucula
1894 747 2148 812 incaute
2192 745 2407 810 calca-

348 856 552 935 verat,
593 849 1018 934 effossumque
1061 847 1353 933 protinus
1396 846 1477 911 ad
1506 846 1773 912 Attilam
1819 846 2037 911 defert.
2108 844 2251 929 Quo
2294 843 2405 908 ille

347 970 607 1018 munere
664 948 1055 1034 gratulatus,
1118 951 1192 1011 ut
1233 949 1367 1011 erat
1410 946 1853 1029 magnanimus
1870 995 1887 1029 ,
1946 944 2291 1011 arbitratur
2334 962 2405 1007 se

347 1050 546 1115 totius
605 1041 826 1113 mundi
879 1045 1230 1133 principem
1271 1043 1687 1110 constitutum
1730 1049 1793 1107 et
1836 1063 1949 1128 per
1988 1042 2213 1107 Martis
2255 1042 2407 1125 gla-

347 1147 525 1213 dium
570 1148 945 1231 potestatem
991 1144 1114 1211 sibi
1161 1161 1527 1209 concessam
1570 1160 1709 1207 esse
1744 1142 2075 1208 bellorum.

517 1260 836 1327 XXXVI.
923 1260 1130 1325 Huius
1175 1278 1325 1341 ergo
1370 1262 1643 1321 mentem
1672 1256 1755 1322 ad
1780 1258 2201 1323 vastationem
2228 1256 2406 1323 orbis

349 1368 639 1450 paratam
681 1359 1078 1445 comperiens
1119 1356 1475 1436 GizericuS,
1533 1376 1647 1421 rex
1692 1356 2178 1437 Vandalorum,
2212 1376 2407 1441 quem

347 1460 541 1548 paulo
599 1463 746 1523 ante
801 1458 1325 1537 memoravimuS,
1386 1454 1598 1519 multis
1654 1454 2021 1520 muneribus
2064 1456 2147 1519 ad
2190 1455 2407 1521 Vese-

262 1618 272 1628 .
345 1558 684 1644 gotharum
734 1555 906 1621 bella
945 1555 1357 1643 praecipitat,
1427 1559 1747 1635 metuens,
1806 1574 1887 1619 ne
1942 1554 2402 1635 TheodericuS,

345 1657 856 1741 Vesegotharum
884 1675 1018 1737 rex,
1061 1654 1230 1721 filiae
1257 1674 1411 1719 suae
1438 1653 1851 1718 ulcisceretur
1877 1653 2193 1729 iniuriam,
2238 1674 2404 1739 quae

345 1754 756 1823 Hunnericho
775 1804 792 1837 ,
849 1752 1125 1818 Gizeriei
1165 1752 1333 1836 filio,
1388 1754 1639 1837 iuncta,
1696 1753 1874 1838 prius
1920 1754 2175 1839 quidem
2220 1760 2402 1819 tanto

346 1855 643 1941 coniugio
697 1854 1069 1936 laetaretur,
1131 1853 1245 1919 sed
1300 1857 1561 1940 postea,
1602 1857 1691 1929 ,ut
1736 1858 1873 1917 erat
1912 1852 2020 1917 ille
2064 1858 2126 1917 et
2167 1852 2237 1916 in
2282 1872 2400 1917 sua

343 1953 615 2041 pignora
634 1951 1049 2035 truculentuS,
1070 1950 1152 2017 ob
1175 1938 1601 2037 suspicionem
1621 1952 2059 2017 tantummodo
2071 1952 2303 2016 veneni
2316 1952 2401 2018 ab

347 2072 422 2119 ea
455 2054 681 2139 parati,
713 2052 972 2116 naribus
994 2051 1310 2117 abscisam
1336 2040 1813 2135 truncatamque
1831 2052 2091 2119 auribus
2110 2052 2397 2137 spolians

347 2152 572 2219 decore
616 2150 908 2231 naturali,
954 2150 1120 2236 patri
1165 2171 1282 2215 suo
1328 2150 1409 2214 ad
1440 2149 1681 2215 Gallias
1717 2150 2065 2233 remiserat,
2110 2158 2183 2215 ut
2210 2155 2399 2233 turpe

291 2304 303 2313 χ
341 2252 534 2317 funus
565 2249 918 2315 miseranda
946 2268 1198 2335 semper
1225 2248 1499 2331 offerret,
1544 2253 1607 2327 et
1637 2244 1998 2332 crudelitas,
2046 2268 2174 2336 qua
2201 2250 2394 2314 etiam

341 2354 748 2416 moverentur
787 2348 1053 2429 externi,
1095 2345 1447 2414 vindictam
1490 2349 1689 2433 patris
1732 2348 2052 2414 efficacius
2088 2349 2393 2434 impetra-

341 2454 457 2515 ret.
558 2449 764 2515 Attila
817 2449 1012 2533 igitur
1077 2448 1319 2513 dudum
1372 2446 1546 2513 bella
1602 2454 1911 2535 concepta
1962 2448 2234 2535 Gizeriqi
2287 2468 2395 2513 re-

341 2548 704 2635 demptione
723 2548 1100 2635 parturiens,
1122 2547 1367 2631 legatos
1395 2546 1463 2613 in
1492 2546 1742 2613 Italiam
1765 2548 1849 2615 ad
1870 2548 2391 2615 Valentinianum

339 2647 694 2733 principem
735 2646 937 2732 misit,
997 2666 1211 2712 serens
1255 2644 1613 2713 Gothorum
1654 2648 2213 2733 Romanorumque
2256 2645 2395 2713 dis-

342 2746 659 2830 cordiam,
705 2750 814 2829 ut,
858 2766 1018 2831 quos
1061 2744 1307 2832 proelio
1348 2766 1479 2811 non
1518 2750 1773 2832 poterat
1815 2750 2180 2828 concutere,
2224 2746 2395 2811 odiis

339 2844 602 2911 internis
645 2844 939 2927 elideret,
999 2864 1317 2924 asserem,
1362 2863 1429 2909 se
1472 2846 1861 2932 reipublicae
1904 2847 2041 2912 eius
2082 2845 2395 2911 amicitias

339 2945 406 3010 in
434 2944 610 3027 nullo
639 2942 902 3027 violare,
949 2944 1062 3009 sed
1104 2947 1324 3010 contra
1349 2943 1837 3028 Theodericum,
1880 2944 2396 3032 Vesegotharum

237 3154 244 3163 “
337 3162 521 3213 visitur
565 3176 628 3213 ea
669 3160 827 3211 etiam
869 3162 926 3211 in
969 3158 1116 3214 Grut.
1169 3165 1226 3213 et
1268 3160 1473 3224 flaret-3
1518 3163 1577 3212 in
1620 3160 1833 3227 reliquis
1874 3177 1981 3215 non
2014 3167 2291 3229 comparet.
2328 3190 2395 3201 --

335 3242 553 3313 incaute)
587 3244 716 3307 Exc.
752 3260 868 3294 cum
899 3244 1042 3309 Epit.
1080 3248 1134 3295 et
1163 3244 1315 3295 Bonf.
1348 3249 1571 3297 muta.

474 3326 603 3391 Cap.
637 3324 883 3379 XXXVI.
950 3329 1086 3377 filia
1115 3330 1561 3393 suae-iniuriam)
1617 3329 1813 3381 Vocem
1843 3344 1977 3395 me,
2014 3344 2171 3395 quam
2201 3334 2400 3381 temere

339 3409 494 3461 eiecit
510 3410 810 3475 Rhenanus,
829 3410 1070 3461 revocavi
1082 3424 1147 3461 ex
1159 3409 1240 3461 ed.
1257 3426 1337 3475 pr.
1354 3411 1491 3461 sistit
1510 3426 1625 3461 eam
1644 3412 1817 3463 Ambr.
1844 3426 2064 3477 quoque..
2100 3436 2169 3451 —-·
2188 3412 2401 3461 naneae

335 3478 584 3541 absdsam'
611 3498 982 3557 immotamque
1015 3492 1220 3543 ambus
1252 3492 1495 3561 spolians)
1548 3493 1637 3547 Sic
1670 3496 1863 3560 optime
1894 3494 2029 3545 Pall.
2064 3498 2120 3545 et
2154 3494 2235 3545 ed.
2267 3494 2397 3547 Par«.

335 3572 439 3623 nisi
469 3573 607 3639 §iod
638 3574 770 3627 haec
803 3576 1088 3638 abscissam,-
1121 3574 1214 3626 sed
1245 3574 1329 3627 ed.
1356 3574 1531 3629 Gai-et.
1566 3592 1677 3629 eam
1706 3578 1913 3632 mribus
1944 3578 2169 3629 ὠθεῖ-ἐἰσ
2192 3582 2399 3629 umm-

337 3656 486 3731 fitque
537 3658 768 3723 αυνίὀαες
819 3675 869 3710 v.
921 3673 1036 3722 earm
1077 3662 1272 3723 putatis
1314 3659 1516 3709 naribus
1554 3663 1786 3724 spoliam-
1819 3686 1889 3701 --
1928 3667 2013 3713 ut:
2030 3666 2171 3724 twpe
2211 3662 2399 3725 simun)
