2567 4084
1291 163 1377 231 84

304 365 565 415 suarum
607 344 933 411 ruinarum
974 344 1303 432 aliquanta
1342 343 1427 409 ad
1468 342 1779 409 indicium
1818 344 2049 409 retinet
2088 340 2371 429 posteri·-

303 446 474 513 tatis.
538 444 682 511 Hac
725 463 876 528 ergo
909 442 1206 509 felicitate
1237 443 1457 529 Gothi,
1504 462 1631 531 qua
1658 441 2052 508 intraverant
2076 439 2371 527 partibus

303 545 502 615 Asiae
516 594 535 630 ,
577 543 850 631 praedas
893 542 1227 631 spoliaque
1267 544 1459 629 potiti
1472 592 1491 629 ,
1548 540 2098 627 Hellesponticum
2126 539 2373 630 ‘fretum

303 647 705 735 retranseunt
718 690 737 721 ‚
789 646 1118 709 vastantes
1171 643 1242 709 in
1281 642 1509 710 itinere
1566 660 1684 708 suo
1726 640 1987 707 Troiam
2029 640 2372 727 Iliumque,

309 766 473 835 quae
525 746 642 813 vix
694 762 734 809 a
779 740 954 809 bello
1009 742 1122 807 illo
1163 740 1749 828 Agamemnoniaco
1792 739 2261 827 aliquantulum
2302 758 2375 805 se

304 849 673 934 reparantes
689 891 708 927 ,
767 854 986 909 rursus
1041 841 1261 909 hostili
1302 858 1605 907 mucrone
1666 838 1913 905 deletae
1962 843 2129 905 sunt.
2214 838 2377 905 Post

279 946 504 1013 Asiae
561 962 713 1028 ergo
783 940 912 1007 tale
965 940 1287 1007 excidium
1342 940 1619 1025 Thracia
1677 951 1899 1007 eorum
1956 942 2223 1025 experta
2277 941 2375 1005 est

307 1045 642 1112 feritatem.
725 1040 893 1107 Nam
948 1040 1042 1107 ibi
1094 1039 1180 1106 ad
1219 1039 1467 1105 radices
1508 1037 1743 1107 Haemi
1782 1039 2017 1106 montis
2068 1037 2232 1103 mari
2271 1036 2375 1103 vi-

309 1144 520 1210 cinam
544 1139 897 1209 Anchialos
941 1140 1264 1207 civitatem
1298 1138 1583 1227 aggressi
1624 1158 1776 1205 mox
1823 1138 2084 1224 adeunt,
2126 1137 2377 1221 urbem,

312 1264 504 1333 quam
533 1241 776 1309 dudum
797 1238 1296 1325 SardanapaluS,
1338 1259 1453 1305 rex
1479 1239 1885 1325 Parthorum,
1924 1238 2089 1304 inter
2108 1236 2379 1303 limbum

312 1344 508 1409 maris
562 1347 626 1409 et
677 1339 908 1408 Haemi
965 1337 1212 1406 radices
1267 1338 1562 1407 locasset.
1644 1338 1750 1404 Ibi
1802 1358 1955 1423 ergo
2009 1336 2229 1403 multis
2279 1335 2379 1403 fe-

313 1447 540 1509 runtur
567 1440 876 1507 mansisse
906 1437 1156 1521 diebuS,
1199 1434 1549 1503 calidarum
1585 1458 1896 1525 aquarum
1938 1428 2239 1504 delectati
2276 1434 2379 1501 la-

311 1540 546 1625 vacriS,
589 1557 752 1626 quae
781 1558 822 1603 a
848 1536 1224 1604 duodecimo
1253 1537 1551 1604 milliario
1582 1538 2071 1605 Anchialitanae
2098 1535 2380 1603 civitatis
2438 1589 2445 1596 .

313 1644 464 1706 sunt
505 1639 686 1724 sitae,
729 1638 812 1705 ab
855 1637 985 1703 imo
1027 1638 1129 1703 sui
1168 1636 1363 1703 fontis
1404 1637 1579 1723 ignei
1618 1637 2067 1723 scaturienteS,
2109 1640 2175 1702 et
2214 1635 2381 1701 inter

314 1922 492 1975 Ambr-
525 1923 636 1980 Ma.
668 1923 788 1975 Par.
819 1921 964 1987 Epis.
995 1924 1198 1973 civitate
1228 1922 1405 1988 vulgo.
1446 1948 1517 1961 --
1558 1923 1629 1971 ad
1660 1920 1925 1989 indicium)
1970 1922 2055 1972 Ita
2094 1936 2190 1987 pro
2232 1921 2382 1987 vulg.

313 2008 385 2057 ad
417 2008 606 2059 indicia
637 2006 772 2057 Pall.
818 2020 937 2057 eum
975 2005 1174 2067 Ambr„
1197 2032 1266 2045 —-
1306 2002 1633 2071 posteritatis)
1683 2005 1790 2071 Mg.
1834 2005 1953 2057 Par.
1994 2008 2274 2069 potestatis.
2315 2031 2384 2043 -

315 2088 644 2155 intraverant)
679 2088 768 2140 Sic
797 2087 932 2142 Pau„
965 2104 1060 2153 pro
1093 2091 1236 2155 vulg.
1259 2092 1521 2139 intravere.
1548 2118 1609 2127 —
1639 2088 1893 2153 partibas)
1928 2088 2033 2154 Mg.
2056 2088 2177 2140 Par.
2194 2092 2385 2151 partes,

319 2187 456 2237 quae
499 2172 658 2222 lectio
704 2175 1039 2223 correctorem
1087 2173 1250 2237 sapit:
1297 2172 1576 2222 lectionem
1620 2172 1887 2237 vulgatam
1930 2175 2142 2221 tuentur
2186 2171 2387 2221 similes

319 2253 464 2319 apud
493 2253 770 2303 Iordanem
810 2254 915 2303 loci
960 2258 1021 2304 ut
1064 2270 1222 2321 supra
1267 2271 1314 2306 c.
1352 2256 1433 2306 18.
1480 2258 1537 2305 in
1568 2257 1879 2305 Haemoniae
1906 2254 2135 2317 partibus
2176 2257 2389 2319 secessit,

323 2352 369 2387 c.
392 2338 475 2386 24.
507 2336 690 2400 finibus
721 2336 972 2401 advenere,
1008 2353 1054 2391 c.
1077 2340 1160 2389 34.
1193 2342 1250 2388 in
1280 2342 1384 2389 suis
1414 2340 1596 2403 finibus
1628 2339 1805 2401 eyredi,
1838 2337 1977 2387 infra
2008 2352 2053 2386 c.
2083 2336 2167 2387 55.
2188 2339 2388 2386 munito

322 2425 425 2471 loco
457 2422 681 2470 ductavit
713 2424 998 2482 exercitum,
1051 2437 1097 2471 c.
1133 2424 1216 2473 5⁷.
1247 2423 1432 2487 finibus
1464 2426 1647 2473 Italiae
1677 2425 1851 2483 intrat,
1920 2420 1985 2473 R.
2018 2417 2076 2473 S.
2108 2434 2155 2469 ο.
2190 2420 2243 2470 5.
2275 2419 2389 2469 Me·-

321 2504 502 2553 dorum
532 2508 647 2553 sunt
677 2506 732 2553 in
759 2492 988 2567 partibus
1021 2507 1361 2571 transductae,
1414 2504 1543 2559 ibid.
1575 2520 1791 2555 reversus
1822 2507 1877 2553 in
1907 2516 2056 2567 reqno
2087 2518 2192 2553 suo.
2231 2500 2297 2553 V.
2322 2500 2393 2553 de

321 2586 423 2638 hae
444 2590 502 2637 in
521 2586 921 2651 praepositionis
942 2592 1200 2641 structura
1230 2604 1367 2655 quae
1387 2589 1591 2649 monuit
1613 2602 1844 2653 quosque
1863 2584 2098 2637 laudavit
2120 2584 2393 2638 Grunerus

321 2668 394 2719 ad
425 2669 604 2726 Aurel.
636 2668 775 2721 Vict.
811 2670 956 2738 Orig.
991 2670 1056 2724 G.
1089 2672 1153 2721 R.
1193 2688 1238 2723 c.
1277 2674 1360 2737 14,
1395 2674 1444 2722 3.
1478 2698 1545 2709 —-
1572 2672 1785 2735 praedas
1816 2672 2071 2734 spoliaque
2096 2666 2265 2734 potiti)
2300 2666 2395 2719 Sia

324 2765 420 2816 pro
464 2752 608 2818 vulg.
651 2754 848 2816 praeda
889 2756 1136 2819 spolioque
1172 2758 1325 2819 potiti
1363 2754 1498 2809 Pan.
1542 2752 1796 2821 quomodo
1839 2757 2014 2804 noster
2058 2756 2113 2802 et
2154 2752 2285 2803 alias
2330 2756 2397 2803 ut

327 2848 447 2899 cpp-
481 2837 532 2885 4.
569 2836 652 2886 56.
681 2838 842 2899 potiri
882 2838 1099 2888 verbum
1140 2838 1312 2889 struit.
1347 2864 1413 2875 --
1457 2835 1785 2903 retranseunt)
1828 2835 1917 2889 Sic
1948 2836 2083 2887 Pan.
2116 2850 2211 2899 pro
2242 2834 2397 2900 vulg.

321 2920 696 2967 retransmeant.
732 2940 802 2955 -
843 2934 894 2969 se
924 2915 1228 2986 reparantes)
1274 2918 1365 2971 Sic
1394 2917 1537 2987 lPaU.
1571 2920 1747 2970 Ambr.
1790 2919 1897 2985 Mg.
1938 2918 2057 2969 Par.
2103 2933 2199 2983 pro
2242 2916 2395 2983 vulg.

321 3002 650 3063 respirantes:
685 3006 738 3053 et
767 3002 1082 3054 invenerunt
1110 3002 1245 3053 illud
1276 3004 1493 3054 verbum
1529 3002 1587 3053 in
1620 3003 1727 3064 suis
1760 3016 1964 3067 quoque
1994 3000 2144 3051 libris
2172 2998 2399 3050 Roderi

323 3096 416 3133 cus
450 3087 503 3133 et
534 3088 716 3135 auctor
745 3084 1047 3152 Excerptor.
1085 3101 1305 3153 quorum
1343 3086 1437 3137 ille
1470 3090 1611 3136 erant
1640 3091 1877 3149 reparata
1909 3084 2146 3147 exhibet,
2190 3082 2284 3133 hic
2316 3096 2397 3133 re·

319 3170 508 3229 parata
541 3172 662 3219 erat.
696 3194 764 3205 —-
806 3168 1096 3236 Anchialos)
1135 3170 1313 3221 Ambr.
1346 3170 1653 3221 Anchilialos
1666 3204 1681 3234 ‚
1714 3168 1859 3234 Epit.
1892 3168 2164 3217 Michialos.
2196 3192 2264 3203 —-·
2312 3166 2403 3215 Iba·

324 3248 460 3315 erqo)
495 3248 586 3301 Sic
618 3248 701 3301 ed.
737 3248 886 3303 Grut.
921 3268 1018 3319 pro
1048 3253 1192 3321 vulg.
1227 3253 1301 3303 ibi
1332 3257 1478 3305 enim.
1517 3280 1578 3290 —
1613 3267 1649 3301 a
1682 3250 1966 3303 duodecimo
1997 3248 2257 3315 milliario)
2303 3246 2403 3301 sio

323 3334 459 3386 Pan.
497 3350 616 3385 cum
646 3333 826 3390 Ambr.
858 3335 952 3387 sed
983 3336 1089 3404 Mg.
1123 3338 1242 3390 Par.
1277 3337 1347 3385 ad
1382 3338 1491 3386 XII
1514 3338 1817 3387 miliarium:
1850 3336 2009 3402 vulgo
2044 3349 2079 3383 a
2108 3336 2275 3397 quinto
2314 3333 2405 3383 de·

325 3420 453 3466 cimo
483 3421 724 3481 miliaria,
756 3418 900 3483 Epit.
925 3420 1112 3471 decimo
1134 3422 1393 3486 milliario,
1426 3420 1579 3471 Bonf.
1616 3420 1685 3469 ad
1706 3420 1951 3469 &cimam
1972 3433 2121 3481 usque
2142 3416 2405 3480 lapidem.-

325 3498 420 3549 sed
453 3500 542 3563 qui
573 3514 608 3549 a
639 3501 793 3552 nobis
825 3501 1088 3553 exhibitus
1123 3506 1202 3554 est
1235 3500 1583 3555 duodenarius
1614 3515 1860 3554 numerus
1873 3540 1891 3569 ,
1925 3500 2257 3553 confirmatur
2290 3498 2407 3550 Ta-

323 3580 456 3630 bula
485 3582 728 3649 Peuting.
764 3584 916 3647 Aquis
949 3586 1123 3634 calidis
1155 3586 1228 3635 M.
1265 3584 1325 3639 Ρ.
1362 3586 1467 3636 ΧΠ
1494 3588 1562 3637 ad
1592 3585 1857 3641 Anchiale..
1882 3614 1948 3625 -
1990 3581 2141 3650 iynei)
2176 3582 2265 3635 Sic
2298 3597 2407 3649 pro

325 3662 468 3729 vulg.
505 3668 619 3728 ione
649 3666 782 3717 Pan.
819 3682 938 3718 cum
969 3666 1074 3733 Mg.
1111 3666 1228 3719 Par.
1316 3677 1324 3681 ’
