2567 4084
1191 140 1275 203 67

189 312 352 385 Ιιίιιό
377 320 562 406 quasi
592 321 674 385 ad
702 320 1012 386 Antonini
1048 321 1248 386 filium
1277 326 1627 403 revertens,
1656 320 2050 389 tribunatum
2081 345 2269 391 suum

113 410 130 427 ⁸
193 420 386 502 adiit,
439 426 504 485 et
543 424 703 505 post
761 420 932 486 hunc
989 421 1108 485 sub
1167 421 1536 487 Alexandro
1593 420 1985 487 Mammaeae
2046 432 2269 489 contra

195 518 474 585 Parthos
519 520 894 585 mirabiliter
947 520 1292 586 dimicavit.
1377 522 1601 607 quue
1642 521 2053 605 Moguntiaco
2098 523 2268 587 mili-

195 618 316 688 tari
364 620 642 684 tumultu
685 618 894 683 occiso
955 620 1095 705 ipse
1139 620 1457 685 exercitus
1500 621 1808 687 electione
1864 622 2107 709 absque
2164 642 2268 688 se-

195 724 386 784 natus
429 719 723 784 consultu
768 718 1026 783 effectus
1093 726 1189 783 est
1232 720 1610 805 imperator,
1670 722 1778 807 qui
1824 730 2051 787 cuncta
2094 722 2268 787 bona

199 840 313 883 sua
357 819 424 882 in
472 817 976 883 Christianorum
1034 821 1474 904 persecutione
1534 820 1698 885 malo
1756 827 1905 885 voto
1952 820 2265 905 foedavit,

197 918 574 1003 occisusque
605 916 906 1003 Aquileja
936 938 974 980 a
1000 918 1311 1003 Pupieno,
1358 939 1623 1003 regnum
1650 920 1906 1005 reliquit
1939 921 2265 1009 Philippo.

199 1018 393 1101 Quod
452 1038 578 1088 nos„
611 1016 846 1081 idcirco'
903 1017 1052 1081 huic
1094 1020 1403 1103 opusculo
1465 1019 1543 1082 de
1590 1018 1956 1101 Symmachi
2000 1020 2269 1085 historia

195 1118 651 1200 mutuavimuS,
700 1122 1008 1202 quatenus
1047 1126 1320 1200 gentem,
1368 1118 1538 1181 unde
1583 1120 1850 1201 agimuS,
1899 1124 2267 1185 ostendere-

199 1234 343 1279 mus
385 1217 471 1279 ad
499 1217 677 1300 regni
707 1218 974 1280 Romani
1023 1216 1344 1300 fastigium
1390 1237 1587 1302 usque
1636 1219 1901 1282 venisse.
1972 1220 2269 1285 Ceterum

197 1334 396 1380 causa
439 1317 668 1399 exigit,
718 1323 786 1381 ut
828 1317 909 1379 ad
953 1316 1055 1399 id,
1101 1317 1268 1381 unde
1317 1316 1584 1400 digressi
1629 1336 1869 1401 sumuS,
1913 1318 2267 1383 redeamus.

193 1517 396 1580 yabalo.
466 1518 654 1567 Dehinc
685 1522 826 1579 quasi
859 1524 956 1567 cet.
1013 1518 1115 1567 Pro
1138 1518 1275 1583 vulg.
1300 1525 1637 1581 perpetratum
1654 1510 1855 1582 fucinus
1876 1519 1957 1569 ed.
1983 1510 2267 1569 Lindenbr.

189 1616 286 1663 per
311 1606 650 1663 perpetratum
679 1602 876 1661 facinus
913 1602 1137 1664 exhibet,
1172 1602 1228 1650 in
1265 1604 1451 1652 ceteris
1484 1618 1515 1651 a
1548 1604 1771 1653 lectione
1804 1603 1945 1667 vulg.
1982 1617 2085 1651 non
2122 1602 2271 1652 dissi-

197 1688 343 1738 dens.
415 1686 656 1737 Ceterum
692 1702 870 1735 verum
905 1685 1077 1750 quoad
1109 1691 1216 1735 tam
1251 1686 1316 1735 ad
1351 1686 1661 1737 sententiam
1694 1701 1849 1751 quam
1884 1686 1951 1735 ad
1986 1685 2270 1735 distinctio·

196 1785 318 1819 nem
350 1768 485 1819 vidit
516 1772 620 1819 iam
645 1769 979 1819 casaubonus
1011 1768 1078 1817 ad
1103 1768 1269 1833 Capit.
1298 1769 1332 1817 l.
1360 1785 1404 1822 c.
1429 1796 1494 1806 -—
1529 1770 1597 1817 ad
1620 1770 1864 1819 Antonini
1882 1768 2065 1833 filium)
2090 1770 2265 1819 Ambr-

199 1869 317 1903 cum
363 1854 507 1917 Epit.
553 1854 774 1905 Antonii.
819 1878 887 1887 —
938 1853 1271 1915 Moyuntiaco)
1320 1852 1465 1901 Nihil
1510 1852 1829 1901 mutandum.
1899 1853 1999 1901 Pro
2044 1852 2268 1902 secundo

197 1938 339 1987 enim
372 1942 575 1987 sextum
611 1936 918 2001 quandoque
952 1950 1127 1985 casum
1163 1941 1368 1999 ponunt
1410 1936 1466 1984 in
1513 1935 1721 1985 urbium
1763 1936 2056 1985 nominibus
2096 1940 2269 1999 poste-

195 2022 348 2071 rioris
381 2020 682 2070 Latinitatis
729 2024 992 2069 auctores:
1043 2020 1118 2069 sic
1161 2020 1274 2082 ipse
1318 2024 1493 2069 noster
1526 2020 1724 2068 Arelato
1772 2034 1885 2081 opp.
1924 2020 2003 2067 32.
2039 2020 2123 2067 47.
2158 2018 2269 2067 Mo-

198 2108 434 2167 yuniiaoo
466 2105 655 2153 iterum
698 2103 761 2153 R.
799 2102 851 2153 S.
889 2118 928 2151 c.
969 2104 1049 2151 80.
1119 2103 1301 2150 Sirmio
1335 2103 1405 2151 ib.
1448 2118 1491 2151 c.
1530 2103 1613 2151 85.
1664 2116 1767 2165 qua
1811 2100 1875 2149 de
1909 2106 2167 2150 structura
2202 2100 2269 2155 cf.

199 2203 335 2251 quae
368 2192 680 2237 monuerunt
703 2185 873 2235 Vorst.
911 2185 978 2234 ad
1011 2186 1192 2234 lustin,
1218 2184 1415 2247 XVIII,
1452 2188 1503 2248 4,
1540 2187 1587 2234 3.
1626 2189 1679 2234 et
1700 2183 1939 2233 Munker.
1976 2182 2043 2232 ad
2065 2184 2271 2248 Hygin.

201 2273 309 2321 fab.
348 2273 462 2320 247.
532 2272 633 2321 Pro
667 2272 981 2333 Moyzmtiaco
1015 2269 1240 2333 praefert
1273 2270 1593 2331 Mayoptiaco
1629 2266 1706 2319 ed.
1748 2267 1895 2319 Grut.
1944 2282 2078 2329 quae
2112 2266 2269 2317 lectio

197 2370 306 2404 non
340 2354 514 2403 minus
546 2352 814 2417 probanda
849 2366 1001 2416 quam
1034 2352 1274 2417 vulgata:
1322 2358 1541 2415 utroque
1583 2354 1718 2401 enim
1754 2353 1905 2403 modo
1941 2353 2096 2403 scribi
2130 2348 2277 2401 urbis

203 2436 569 2486 celeberrimae
603 2451 806 2499 nomen,
843 2435 1102 2485 docebunt
1138 2437 1226 2499 qui
1261 2434 1541 2485 laudantur
1576 2450 1607 2483 a
1631 2435 1918 2485 Tzschuck.
1956 2435 2023 2483 ad
2056 2434 2273 2497 Eutrop.

198 2520 320 2584 VII,
346 2522 394 2570 8.
425 2518 551 2585 (13).
577 2546 644 2557 -
677 2516 920 2584 Aquileia)
955 2518 1218 2567 Revocavi
1239 2516 1375 2565 hanc
1397 2518 1672 2567 lectionem
1706 2532 1771 2567 ex
1795 2517 1875 2567 ed.
1900 2534 1977 2581 pr.
2012 2532 2106 2581 pro
2129 2518 2273 2581 vulg.

201 2605 469 2666 Aquileiae,
507 2602 643 2666 quod
675 2603 899 2666 primum
931 2601 988 2649 in
1023 2598 1101 2649 ed.
1139 2600 1421 2649 Leunclav.
1458 2601 1670 2651 visitur:
1709 2615 1883 2665 quare,
1922 2616 1989 2650 ex
2021 2600 2104 2661 iis,
2140 2614 2276 2663 quae

201 2687 353 2737 modo
400 2684 538 2734 dicta
569 2690 716 2747 sunt,
765 2690 1001 2747 apertum
1035 2688 1127 2734 est.
1163 2710 1230 2721 -—
1265 2698 1299 2732 a
1332 2682 1573 2749 Pupieno)
1611 2682 1698 2733 Sic
1731 2683 2006 2753 legendum
2040 2686 2277 2745 transpo-

205 2771 316 2821 sitis
360 2770 504 2834 vulg.
536 2768 755 2830 Pupiam
799 2768 987 2818 literis:
1013 2767 1217 2817 ‘eodem
1263 2766 1406 2817 ducit
1449 2767 1623 2817 Ambr-
1673 2766 1921 2829 Pupiano.
1991 2764 2062 2813 Et
2106 2764 2279 2813 firmat.

201 2852 481 2903 lectionem
515 2857 776 2916 receptam
808 2856 1013 2916 praeter
1045 2851 1376 2901 historiarum
1408 2857 1741 2901 monumenta
1773 2854 1947 2899 noster
1980 2847 2094 2911 ipse
2127 2848 2189 2897 R.
2217 2846 2276 2902 S.

208 2953 250 2987 c.
288 2939 372 2990 81.
407 2963 475 2974 -—
509 2926 884 2999 de'Symmachi
917 2937 1119 2984 historia
1151 2935 1517 2999 mutuavimus)
1567 2934 1740 2983 Ambr.
1779 2936 1838 2983 de
1871 2934 2133 2995 Symmaco
2166 2948 2279 2981 mu-

209 3024 336 3069 tuati
370 3034 554 3068 sumus.
594 3046 659 3055 —
704 3018 1079 3085 ostenderemus)
1123 3019 1298 3069 Dictio
1346 3018 1703 3067 ostenderemus
1748 3017 1970 3080 primum
2018 3020 2163 3065 eruta
2210 3014 2278 3064 de

209 3119 326 3154 mss.
351 3102 706 3167 libris3-prius
740 3104 875 3151 male
910 3103 1087 3153 deerat
1122 3103 1337 3167 eiusque
1370 3102 1485 3151 loco
1508 3100 1686 3165 paullo
1722 3105 1841 3164 post
1871 3100 2153 3162 irrepserat
2185 3098 2273 3145 do-

211 3203 420 3252 ceamus,
459 3187 597 3251 quod
621 3188 752 3237 eieci
773 3188 1140 3252 instigantibus
1164 3186 1348 3235 iisdem
1370 3184 1696 3247 membranis,
1734 3184 1789 3232 in
1814 3183 1997 3245 quibus
2020 3194 2277 3243 nusquam

211 3271 556 3335 comparebat.
585 3270 790 3321 GRUT.
836 3270 974 3320 Illud
997 3272 1257 3319 doceamus
1290 3268 1393 3317 iam
1427 3267 1484 3317 in
1518 3266 1599 3317 ed.
1624 3282 1701 3331 pr.
1725 3266 1947 3329 indeque
1980 3263 2037 3313 in
2059 3261 2275 3325 reliquis

209 3352 380 3403 locum
413 3359 558 3404 tenet
590 3356 726 3404 inter
747 3355 908 3405 verba
929 3358 1114 3404 venisse
1137 3358 1188 3404 et
1210 3357 1435 3401 ceterum.
1459 3379 1527 3390 —-
1548 3347 1825 3416 redeamus)
1849 3346 1947 3398 Ed.
1970 3347 2087 3395 Par.
2114 3346 2297 3418 verbo¹

213 3436 434 3502 amplius
467 3438 638 3489 ordine
669 3440 939 3491 redeamus.

1696 3610 1875 3663 ,5.
