2567 4084
220 3792 282 3851 ‘ff

1297 137 1421 200 112

483 314 706 380 XXX.
794 315 1040 382 Verum
1083 314 1432 405 enimvero,
1478 334 1673 399 quum
1717 315 1785 379 in
1828 316 1963 383 eius
1993 317 2393 383 vicinitatem

316 415 829 499 Vesegotharum
887 415 1305 501 applicuisset
1362 410 1711 495 exercituS,
1770 417 1833 477 et
1889 414 1971 478 ad
2030 418 2393 483 Honorium

315 516 763 599 imperatorem
785 564 802 598 ,
848 516 958 601 qui
1001 514 1173 578 intus
1236 511 1595 587 residebat,
1661 510 2045 595 legationem
2088 513 2389 593 misisset,

317 618 632 699 quatenus
677 614 730 678 si
775 614 1201 700 permitteret,
1261 619 1335 677 ut
1380 611 1577 676 Gothi
1631 611 1843 695 pacati
1884 611 1951 674 in
1994 611 2183 676 Italia
2222 612 2391 675 resi-

315 712 561 796 derent,
607 713 698 778 sic
743 732 853 779 eos
895 732 1040 777 cum
1083 713 1518 777 Romanorum
1561 708 1802 794 populo
1846 709 2098 791 vivere,
2144 715 2213 773 ut
2252 729 2391 773 una

314 831 474 897 gens
517 816 788 897 utraque
832 811 1004 876 credi
1059 816 1317 897 posset,
1385 810 1483 873 sin
1540 817 1753 873 autem
1798 807 2015 891 aliter,
2082 806 2387 872 bellando

306 910 459 997 quis
504 929 692 997 quem
737 910 979 975 valeret
1022 908 1404 994 expelleret,
1450 913 1513 973 et
1553 908 1683 973 iam
1726 927 1985 973 securus
2028 907 2138 992 qui
2179 907 2392 973 victor

313 1009 648 1074 exsisteret
688 1009 1049 1094 imperaret,
1093 1008 1419 1074 Honorius
1458 1010 1803 1096 imperator
1830 1014 2161 1095 utramque
2192 1008 2391 1093 polli-

311 1107 684 1173 citationem
729 1107 1098 1190 formidanS,
1144 1128 1389 1193 suoque
1432 1127 1575 1173 cum
1620 1114 1843 1175 senatu
1886 1107 2046 1172 inito
2092 1108 2387 1191 consilio,

315 1207 636 1291 quomodo
679 1228 789 1273 eos
835 1214 1015 1272 extra
1070 1207 1230 1271 fines
1273 1207 1473 1272 Italos
1536 1208 1903 1296 expelleret,
1965 1205 2383 1271 deliberabat.

313 1304 438 1371 Cui
479 1307 562 1371 ad
605 1315 997 1393 postremum
1042 1308 1357 1371 sententia
1400 1306 1600 1388 sedit,
1646 1313 1958 1391 quatenus
2013 1306 2385 1392 provincias

308 1406 498 1491 long'e
541 1410 844 1493 positas„
885 1408 954 1472 id
999 1414 1096 1472 est
1140 1407 1383 1472 Gallias
1449 1404 1957 1490 Hispaniasque,
2032 1424 2189 1490 quas
2251 1406 2387 1469 iam

307 1526 515 1592 paene
572 1507 985 1592 perdidisset,
1055 1506 1502 1591 Gizerichique
1562 1524 1669 1569 eas
1711 1501 2154 1568 Vandalorum
2211 1506 2385 1587 regis

308 1612 592 1671 vastaret
631 1607 922 1691 irruptio,
969 1606 1022 1670 si
1053 1606 1315 1685 valeret,
1363 1604 1656 1669 Alaricus
1700 1622 1815 1667 sua
1860 1621 2003 1667 cum
2036 1610 2223 1686 gente
2252 1604 2385 1668 sibi

310 1708 618 1789 tanquam
661 1702 827 1769 lares
870 1705 1164 1790 proprios
1195 1706 1570 1784 vindicaret,
1620 1702 1961 1767 donatione
2006 1722 2183 1767 sacro
2228 1722 2384 1767 ora-

309 1803 453 1867 culo
499 1805 890 1873 confirmata,
981 1804 1403 1870 Consentiunt
1446 1803 1641 1869 Gothi
1684 1802 1805 1867 hac
1846 1800 2267 1883 ordinatione,
2315 1808 2383 1866 et

307 1903 390 1967 ad
435 1903 914 1970 traditam-sibi
967 1906 1240 1990 patriam
1298 1902 1797 1989 proficiscuntur.
1886 1901 2045 1965 Post
2102 1920 2384 1985 quorum

310 2002 659 2068 discessum
688 2023 806 2068 nec
838 2004 1178 2091 quicquam
1209 2003 1359 2066 mali
1387 2004 1453 2065 in
1482 2001 1669 2066 Italia
1709 2006 2075 2087 perpetrato
2125 1999 2375 2085 stilico,

304 2101 610 2185 patricius
655 2109 718 2166 et
761 2122 942 2167 socer
975 2103 1246 2166 Honorii
1272 2102 1693 2186 imperatoris,
1740 2137 1819 2149 —-
1862 2119 2011 2164 nam
2041 2105 2379 2185 utramque

305 2200 443 2266 eius
486 2202 702 2285 filiam,
749 2203 818 2267 id
875 2208 972 2267 est
1013 2202 1284 2265 Mariam
1343 2207 1405 2266 et
1446 2200 1954 2281 Thermantiam,
2017 2220 2208 2285 quam
2251 2201 2381 2264 sibi

304 2300 603 2386 princeps
649 2322 842 2367 unam
884 2308 1032 2388 post
1075 2322 1267 2366 unam
1314 2304 1621 2377 sociavit,
1685 2309 2020 2386 utramque
2066 2302 2381 2385 virginem

308 2408 371 2467 et
413 2404 724 2468 intactam
769 2404 925 2468 deus
956 2403 1039 2467 ab
1065 2402 1192 2465 hac
1236 2402 1376 2466 luce
1408 2402 1665 2465 vocavit
1712 2438 1787 2446 —
1831 2400 1938 2464 hic
1967 2421 2117 2485 ergo
2150 2401 2376 2466 Stilico

508 2580 639 2647 Cap.
696 2582 866 2634 XXX.
963 2582 1141 2631 Verum
1199 2578 1467 2644 enimvero)
1544 2580 1642 2630 Ed.
1699 2580 1817 2630 Par.
1875 2583 2155 2631 Enimvero.
2204 2608 2265 2619 -—
2320 2586 2381 2632 in

303 2667 408 2712 eius
456 2664 787 2731 vicinitatem)
840 2666 924 2714 Ita
971 2665 1145 2715 Ambr.
1203 2681 1320 2715 cum
1370 2664 1497 2715 Exc.
1550 2668 1607 2713 in
1656 2668 1758 2714 eius
1806 2668 2062 2722 vicinitate
2104 2666 2209 2730 Mg.
2254 2665 2377 2715 Par.

305 2748 361 2793 in
417 2759 477 2794 ea
535 2751 730 2799 civitate
785 2748 962 2811 vulgo·
1029 2776 1096 2784 —-
1174 2746 1406 2812 misisset)
1497 2748 1671 2796 Ambr.
1727 2752 1953 2798 mitta-nt.
2010 2749 2140 2797 credi
2188 2748 2377 2813 posset)

305 2824 396 2875 Sic
450 2842 544 2891 pro
603 2830 743 2893 vulg.
789 2833 946 2891 possit
1003 2830 1114 2882 edd.
1172 2831 1289 2880 Par.
1349 2836 1401 2881 et
1458 2830 1633 2881 Grai-et.
1692 2858 1755 2867 —
1813 2835 1919 2893 quis
1974 2847 2116 2893 quem
2169 2830 2377 2896 valeret)

306 2906 440 2958 Edd.
501 2910 618 2964 Par.
679 2916 732 2960 et
778 2910 949 2960 Garet.
1008 2914 1216 2961 valebat.
1275 2942 1342 2951 -
1398 2920 1445 2962 et
1494 2918 1599 2961 iam
1654 2914 1870 2979 semu-us)
1933 2914 2015 2964 Ita
2072 2916 2201 2965 Pan.
2254 2930 2381 2963 cum

305 2991 482 3041 Ambr.
517 2994 676 3059 vulgo
710 2994 927 3043 iunctim
961 2999 1112 3044 etiam
1126 3033 1141 3057 ,
1200 2996 1269 3045 ad
1303 3012 1453 3060 quam
1486 3012 1666 3047 vocem
1697 2997 1801 3045 iam
1835 2997 2121 3048 Vulcanius
2155 2999 2377 3061 monuit,

303 3074 614 3125 sententiam
633 3113 646 3139 ‚
683 3081 743 3126 ut
775 3082 822 3125 et
853 3080 960 3127 iam
994 3079 1241 3143 legamus,
1280 3080 1557 3143 requirere.
1625 3107 1680 3117 -
1734 3076 2167 3145 pollicitationem)
2224 3079 2381 3129 Haeo

301 3172 405 3207 vox
455 3156 584 3206 mihi
629 3158 835 3209 videtur
879 3167 1147 3225 corrupta:
1201 3178 1307 3212 non
1343 3164 1479 3216 enim
1513 3163 1777 3226 pollicitus
1812 3168 1892 3212 est
1925 3163 2208 3228 quidquam
2251 3163 2381 3211 Ala-

301 3242 438 3291 ricus
457 3278 472 3305 ,
527 3240 620 3290 sed
653 3243 935 3305 postulavit
968 3246 1050 3294 vel
1087 3246 1246 3295 etiam
1279 3245 1611 3307 sollicitavit,
1665 3245 1803 3295 unde
1848 3248 2236 3307 postulationem
2287 3246 2381 3295 vel

302 3328 697 3374 sollicitationem
733 3325 961 3390 legerim.
997 3353 1064 3363 -
1103 3326 1454 3394 Gizerichique)
1507 3326 1595 3378 Sic
1636 3328 1765 3379 Pau,
1817 3344 1931 3377 cum
1977 3328 2055 3377 ed.
2102 3328 2217 3378 Par.
2270 3329 2379 3378 nisi

300 3405 440 3469 quod
473 3407 604 3456 haec
639 3424 664 3457 c
695 3422 790 3472 pro
825 3410 916 3469 1:723
953 3415 1000 3458 et
1041 3412 1281 3461 Gizerichi
1314 3411 1487 3475 vulgo.
1527 3438 1583 3446 —
1624 3409 1728 3479 eas)
1770 3410 1923 3459 Hanc
1957 3428 2135 3461 vocem
2169 3413 2379 3462 uncinis

302 3488 514 3538 inclusit
548 3490 914 3540 Leunclavius.
965 3519 1025 3527 -
1080 3495 1173 3541 hac
1205 3492 1535 3559 ordi-natione)
1588 3495 1761 3543 Ambr.
1799 3497 1913 3543 huic
1948 3497 2267 3545 ordinationi.
2304 3524 2376 3535 -—

297 3571 604 3638 perpetrato)
638 3572 726 3623 Sic
747 3574 880 3628 Pan.
905 3587 1018 3622 cum
1041 3574 1170 3623 Rod.
1199 3582 1537 3636 perpetratum
1571 3578 1745 3642 vulgo.
1784 3605 1840 3613 —
1880 3577 2373 3646 Stilicho—vocavit)

300 3648 408 3698 Hic
448 3653 552 3719 ssff'
564 3644 738 3704 Ambr.
794 3653 906 3710 MS.
960 3656 1105 3707 locus
1155 3662 1234 3706 est
1279 3672 1494 3709 mancus
1542 3660 1833 3725 legiturque
1882 3664 2110 3711 tantuma
2166 3664 2373 3712 Istildeo
