2567 4084
1277 110 1359 175 86

297 289 726 357 Maximianus
765 288 1108 357 Herculius
1160 289 1254 367 in,
1283 289 1503 357 Africa
1564 290 2197 379 Quinquegentianos
2254 298 2365 359 at-

298 390 618 476 trivisset,
661 408 887 477 pacem
928 388 1321 475 reipublicae
1359 390 1531 455 nacti
1574 393 1841 478 'coepere
1886 392 2068 477 quasi-
2112 392 2365 459 Gothos

294 490 635 575 negligere.
697 488 863 553 Nam
903 488 1040 553 sine
1082 487 1241 575 ipsis
1288 488 1531 555 dudum
1574 494 1795 554 contra
1840 491 2097 575 quasvis
2138 496 2367 576 gentes

295 590 624 656 Romanus
696 586 1010 654 exercitus
1081 586 1339 653 difficile
1408 587 1765 655 decertatus
1817 594 1952 672 est.
2070 592 2367 677 Apparet

295 708 574 775 namque
618 688 999 773 frequenter,
1046 683 1366 773 quomodo
1409 684 1848 754 invitabantur
1865 738 1884 774 ,
1928 690 2092 754 sicut
2138 696 2200 755 ct
2242 690 2366 755 sub

301 786 720 855 Constantino
762 786 972 871 rogati
1014 790 1189 869 sunt,
1247 791 1309 850 et
1351 790 1572 851 contra
1615 793 1954 873 cognatum
2010 787 2145 853 eius
2186 788 2369 854 Lici-

297 888 476 953 nium
519 906 696 953 arma
735 886 958 971 tulere,
1005 906 1276 972 eumque
1322 886 1646 952 devictum
1690 893 1753 953 et
1794 887 1862 951 in
1905 886 2368 954 Thessalonica

301 988 587 1054 clausum
604 1036 622 1071 ‚
682 986 1021 1074 privatum.
1059 985 1328 1073 imperio
1374 984 1777 1052 Constantini
1830 986 2093 1052 victoris
2145 986 2365 1071 gladio

297 1086 714 1153 trucidarunt.
797 1086 966 1152 Nam
1008 1090 1072 1151 et
1113 1090 1186 1151 ut
1226 1084 1714 1153 famosissimam
1756 1089 1819 1151 et
1859 1086 2102 1151 Romae
2144 1106 2369 1152 aemu-

297 1184 430 1251 lam
464 1184 533 1250 in
576 1206 692 1252 suo
731 1186 987 1252 nomine
1031 1186 1331 1251 conderet
1374 1187 1737 1271 civitatem,
1764 1184 2123 1251 Gothorum
2163 1186 2370 1251 inter-

291 1284 420 1351 fuit
468 1287 774 1372 operatio,
828 1286 936 1373 qui
963 1284 1218 1351 foedere
1261 1286 1420 1353 inito
1465 1305 1609 1352 cum
1660 1288 2042 1374 imperatore
2088 1285 2370 1370 quadra-

297 1385 478 1469 ginta
521 1406 783 1451 suorum
826 1385 1027 1451 millia
1080 1385 1173 1451 illi
1228 1386 1297 1451 in
1354 1386 1581 1452 solatia
1625 1390 1846 1452 contra
1886 1390 2109 1469 gentes
2149 1384 2370 1450 varias

297 1484 623 1569 obtulere3
669 1506 940 1572 quorum
983 1492 1046 1553 et
1086 1506 1387 1553 numerus
1431 1492 1495 1553 et
1536 1486 1763 1550 militia
1803 1505 2007 1571 usque
2050 1484 2135 1551 ad
2175 1504 2371 1571 prae-

302 1708 436 1753 asset
455 1702 744 1769 legereturz
765 1704 924 1754 fuerit
945 1705 1164 1755 fortasse
1183 1706 1571 1769 Achillemque—
1582 1720 1695 1755 cum
1716 1706 2053 1754 Diocletianus
2074 1708 2371 1766 superasset,

301 1800 370 1837 ex
403 1801 508 1851 qua
527 1787 769 1851 lectione,
806 1802 965 1852 quum
985 1787 1226 1839 librarius
1247 1802 1429 1839 vocem
1461 1804 1574 1839 cum
1606 1803 1700 1852 pro
1722 1786 2106 1853 praepositione
2130 1785 2374 1851 cepisset,

299 1876 418 1921 orta
453 1873 531 1920 est
562 1871 796 1937 vulgata.
830 1899 898 1910 —-
949 1870 1447 1937 Quinqueyentianoo)
1488 1872 1644 1921 Hanc
1676 1870 1953 1919 lectionem
1982 1884 2079 1933 pro
2118 1871 2376 1931 Quinqua-

291 1955 578 2017 ⁸(mutianus,
613 1954 752 2019 quod
784 1954 904 2009 edd.
937 1960 1118 2005 tenent
1149 1956 1485 2019 antiquiores,
1520 1968 1549 2002 e
1571 1953 1679 2018 Mg.
1706 1952 1993 2003 Leunclav.
2024 1952 2223 2015 recepit
2242 1950 2377 2001 Vul-

289 2039 506 2104 canius.
555 2064 618 2075 —
675 2040 948 2088 decertatus
992 2040 1089 2103 est)
1135 2038 1311 2091 Ambr.
1361 2052 1479 2087 cum
1520 2036 1597 2085 ed.
1646 2034 1928 2085 Lindenbr.
1976 2036 2253 2085 deca-tavit.
2306 2060 2375 2073 --

299 2126 562 2187 privatum
593 2120 825 2187 imperio)
859 2119 959 2169 Ed.
992 2135 1070 2183 pr.
1101 2124 1361 2183 privatum
1394 2120 1457 2168 ab
1492 2122 1699 2181 imperio
1714 2154 1728 2182 ,
1763 2122 1823 2167 ut
1858 2122 1911 2187 et
1942 2117 2059 2169 aliis
2092 2117 2207 2167 eius
2240 2116 2375 2167 locis

297 2210 506 2271 privare
551 2206 766 2255 verbum
808 2220 926 2255 cum
967 2220 1002 2253 α
1043 2203 1429 2269 praepositione
1472 2203 1713 2267 struitur,
1762 2216 1917 2265 quam
1961 2200 2155 2265 ubique
2200 2198 2379 2249 delere

230 2286 239 2297 '
305 2288 594 2339 Rhenanus
623 2302 730 2336 non
761 2288 1010 2353 neglexit.
1043 2316 1111 2325 —-
1156 2288 1288 2336 Nam
1336 2292 1385 2335 et
1426 2284 1507 2353 ut)
1552 2283 1641 2335 Sic
1682 2298 1777 2348 pro
1816 2284 1957 2349 vulg.
1989 2298 2113 2333 nam
2158 2289 2205 2335 et
2252 2284 2375 2333 dum

305 2372 440 2423 Pau.
479 2387 596 2423 cum
627 2370 756 2421 Exc.
795 2396 858 2406 -
904 2370 1146 2429 conderet)
1188 2366 1278 2419 Sic
1318 2382 1412 2432 pro
1446 2368 1743 2431 condiderit,
1792 2366 1931 2433 quod
1964 2366 2079 2419 edd.
2114 2383 2193 2431 pr.
2230 2366 2378 2417 exhi-

293 2456 452 2521 bent,
487 2454 631 2505 dedit
651 2453 1018 2504 Leunclavius.
1043 2479 1112 2491 -
1143 2452 1400 2517 momen-tw)
1433 2451 1646 2501 Mallem
1677 2456 1905 2501 numeri:
1939 2450 2076 2515 quod
2112 2451 2240 2516 quid
2271 2450 2378 2501 sibi

307 2540 486 2603 vellet,
523 2553 680 2604 quum
710 2552 818 2587 non
848 2536 1200 2601 intelligerent
1231 2536 1448 2600 librarii,
1481 2536 1797 2600 singularem
1838 2550 1931 2599 pro
1964 2534 2157 2599 plurali
2186 2548 2378 2597 posue-

309 2628 450 2677 runt.
474 2625 679 2674 Numeri
700 2626 873 2671 autem
893 2621 1295 2685 appellabantur
1318 2620 1567 2683 cohortes,
1588 2633 1789 2681 manus,
1813 2617 2023 2681 vexilla,
2046 2618 2194 2681 ipsae
2216 2616 2379 2666 etiam

308 2706 559 2771 legiones,
595 2704 698 2765 vel,
731 2705 890 2755 verbo
923 2708 984 2753 ut
1019 2702 1204 2768 dicam,
1242 2717 1425 2767 corpus
1459 2702 1683 2752 militum
1716 2700 1985 2766 quodlibet
2017 2704 2109 2751 aut
2142 2700 2379 2750 scholam

309 2788 639 2855 significabat
668 2804 772 2839 vox
801 2787 922 2851 illa,
969 2785 1164 2851 plurali
1194 2786 1499 2850 plerumque
1530 2799 1743 2835 numero
1777 2788 2027 2849 usurpata
2068 2798 2241 2847 neque
2272 2782 2380 2833 La-

311 2871 438 2921 tinis
469 2870 638 2920 solum
669 2870 1021 2934 scriptoribus,
1057 2867 1150 2919 sed
1174 2867 1385 2919 Graecis
1416 2868 1589 2931 etiam,
1626 2868 1813 2933 quibus
1842 2862 2101 2937 νούμεροι
2134 2867 2222 2916 vel
2254 2860 2380 2915 νού-

243 2969 245 2971 ·
305 2969 476 3023 μερα,
509 2952 770 3004 interdum
804 2952 960 3003 etiam
993 2944 1256 3023 ἀριθμούς
1294 2966 1507 3016 quorum
1526 2965 1854 3001 numerorum
1876 2965 2026 3001 suum
2059 2964 2197 3000 unus
2238 2948 2380 3016 quis·

315 3052 418 3103 que
449 3050 639 3087 nomen
670 3036 926 3087 habebat:
961 3036 1035 3087 sic
1066 3036 1312 3101 leguntur
1340 3035 1399 3083 in
1426 3034 1625 3085 Notitia
1658 3034 1788 3097 Imp.
1824 3034 2021 3083 numeri
2047 3034 2376 3095 Fon-tensium,

320 3122 740 3184 Tumaemsium,
781 3120 1194 3183 Barbaricomm,
1240 3120 1530 3169 Nerviorum
1563 3122 1660 3167 cet.
1728 3118 1799 3168 Et
1841 3116 1979 3181 quod
2008 3117 2241 3181 ipsorum
2274 3112 2380 3165 Go-

299 3204 522 3275 thorum
564 3204 623 3253 in
653 3203 887 3253 Romano
931 3203 1160 3253 exercitu
1201 3200 1533 3251 militantium
1576 3215 1813 3251 numeros
1856 3200 2069 3263 attinet,
2116 3199 2281 3249 habes
2322 3196 2381 3247 in

302 3286 497 3347 ‚eadem
539 3287 589 3338 N
590 3285 740 3337 otitia
790 3286 926 3335 inter
965 3287 1328 3337 vexillationes
1370 3284 1635 3337 Palatinas
1682 3287 1881 3333 comites
1930 3284 2184 3347 ΤαίῙαιοε,
2241 3281 2382 3331 inter

315 3370 511 3421 auxilia
542 3366 788 3419 Palatin‘a
822 3370 1084 3432 γΤενυεῑηροει
1130 3384 1194 3419 ac
1233 3369 1330 3420 sub
1366 3369 1701 3433 dispositione
1735 3367 1880 3417 ducis
1914 3367 2097 3431 Syriae
2133 3368 2381 3416 cohortem

307 3455 536 3526 primam
563 3456 850 3507 Gothorum.
899 3451 1059 3502 Plura
1104 3451 1168 3501 de
1209 3456 1427 3502 numeris
1460 3453 1659 3503 dabunt
1688 3450 1900 3516 Lipsius
1934 3448 2003 3499 ad
2034 3449 2200 3499 Tacit.
2234 3448 2380 3499 Hist.

317 3534 370 3597 Ι,
407 3538 455 3587 6.
518 3536 819 3588 Torrentius
863 3534 932 3585 ad
965 3533 1107 3585 Suet.
1142 3536 1359 3599 Vespas.
1404 3551 1447 3586 c.
1484 3538 1531 3585 6.
1590 3536 1855 3585 Puteanus
1888 3532 1956 3583 ad
1988 3533 2247 3597 Panegyr.
2280 3531 2381 3595 XI,

322 3619 404 3680 10,
439 3620 487 3668 3.
551 3618 784 3673 Valesius
815 3619 886 3669 ad
917 3618 1171 3668 Ammian.
1203 3617 1325 3681 XX,
1360 3620 1411 3683 1,
1448 3618 1499 3686 32
1558 3618 1841 3671 Salmasius
1874 3614 1943 3665 ad
1972 3616 2184 3681 Yopisc.
2218 3615 2383 3669 Firm.
