2567 4084
1298 146 1421 212 136

335 324 446 391 ubi
491 319 926 393 Theodericus
969 332 1032 392 et
1071 326 1303 392 Aetius
1345 344 1665 411 agnovere
1682 373 1702 409 ,
1756 327 2007 412 magnis
2046 325 2385 411 aggeribus

307 424 604 493 'eandem
646 425 869 492 urbem
913 432 1062 490 ante
1105 426 1455 491 adventum
1498 424 1742 491 Attilae
1784 429 2071 509 struunt,
2128 444 2387 512 suspec-

251 512 270 529 ⁴
334 526 596 611 tumque
637 524 1005 591 custodiunt
1047 523 1507 611 Sangibanum‚
1550 528 1615 589 et.
1652 522 1817 589 iuter
1856 542 2009 591 suos
2050 524 2389 593 auxiliares

286 685 295 696 ‚
336 623 617 690 medium
659 627 946 689 statuunt
987 642 1132 691 cum
1177 623 1440 709 propria
1480 628 1689 707 gente.
1773 623 1981 709 Igitur
2008 623 2237 707 Attila,
2276 642 2387 689 rex

335 723 752 838 Hunnorum,
805 722 918 787 tali
957 720 1291 808 perculsus
1334 726 1568 787 eventu
1586 772 1604 807 ,
1658 706 1967 789 diflidens
1991 724 2126 789 suis
2168 723 2389 837 copiiS,

336 826 624 889 metuens
665 821 824 886 inire
867 821 1253 903 conflictum,
1298 820 1597 907 intusque
1624 820 1855 919 fugam
1880 822 2269 889 revolvens·
2248 842 2391 909 lpso

339 922 556 987 tunere
621 920 994 1004 tristiorem,
1061 920 1282 987 statuit
1336 939 1453 1005 per
1510 920 1883 1008 haruspices
1926 921 2139 988 futura
2180 922 2392 1008 inqui·-

338 1039 494 1087 rere.
581 1018 712 1105 Qui
753 1039 928 1086 more
970 1018 1158 1087 solito
1201 1040 1375 1086 nunc
1414 1038 1719 1105 pecorum
1746 1020 1962 1101 fibras,
2004 1038 2175 1085 nunc
2204 1038 2393 1105 quas-

339 1120 488 1185 dam
529 1138 730 1185 venas
770 1118 837 1186 in
878 1119 1120 1185 abrasis
1166 1118 1419 1184 ossibus
1461 1118 1799 1203 intuenteS,
1842 1118 2095 1186 Hunnis
2120 1117 2395 1185 infausta

274 1250 278 1253 ·
341 1218 756 1302 denunciant3
834 1218 959 1285 hoc
1019 1225 1234 1285 tamen
1294 1210 1667 1303 quantulum
1720 1218 2099 1304 praedixere
2162 1218 2394 1301 solatii,

342 1318 514 1405 quod
558 1338 842 1385 summus
883 1318 1164 1383 hostium
1213 1318 1438 1383 ductor
1482 1318 1562 1383 de
1601 1323 1783 1403 parte
1826 1318 2099 1384 adversa
2138 1336 2397 1383 occum-

343 1418 544 1499 beret,
589 1418 936 1503 relictaque
979 1416 1246 1482 victoria
1290 1436 1407 1483 sua
1448 1420 1651 1483 morte
1678 1416 2069 1504 triumphum
2094 1417 2399 1484 foedaret.

344 1518 683 1603 Quumque
710 1517 914 1583 Attila
961 1534 1182 1581 necem
1212 1514 1407 1598 Aetii,
1452 1516 1625 1601 quod
1668 1516 1804 1581 eius
1846 1516 2127 1583 motibus
2172 1516 2398 1583 obvia-

345 1618 492 1701 bat,
557 1618 663 1683 vel
717 1636 864 1683 cum
907 1635 1024 1681 sua
1065 1614 1423 1701 perditione
1466 1615 1724 1681 duceret
1766 1614 2193 1701 expetendam
2210 1664 2229 1699 ,
2288 1614 2398 1680 tali

342 1717 678 1803 praesagio
723 1716 1052 1797 sollicitus,
1097 1719 1170 1781 ut
1211 1720 1347 1779 erat
1390 1714 1795 1781 consiliorum
1838 1715 1907 1779 in
1934 1712 2127 1781 rebus
2155 1713 2400 1781 bellicis

347 1817 719 1903 exquisitor,
765 1816 933 1883 circa
972 1834 1206 1881 nonam
1251 1814 1379 1881 diei
1421 1815 1644 1881 horam
1686 1813 1998 1901 proelium
2036 1813 2159 1879 sub
2204 1814 2399 1901 trepi-

345 1916 601 1983 datione
643 1914 1010 1999 committit,
1074 1920 1176 1999 ut,
1233 1916 1315 1981 si
1332 1934 1517 1983 secus
1560 1914 1842 1996 cederet,
1890 1932 2024 1979 nox
2062 1912 2395 1979 imminens

349 2015 766 2083 subveniret:
1524 2038 1529 2043 ·

227 2300 234 2302 ,
343 2276 408 2288 --
442 2247 661 2313 struunt)
695 2248 784 2301 Sio
815 2250 947 2299 Pall.
985 2254 1038 2299 et
1067 2249 1146 2299 ita
1177 2249 1307 2301 Rod.
1343 2262 1547 2314 quoque
1579 2250 1831 2313 reperisse
1863 2248 1921 2299 in
1950 2264 2062 2312 suo,
2097 2254 2317 2314 apparet
2335 2252 2395 2299 ex'

345 2333 458 2384 eiua
505 2333 678 2385 verbis
727 2336 977 2383 civitatem
1025 2336 1215 2383 {reiectis
1266 2332 1520 2403 a99en'bue
1574 2338 1915 2395 oecuparunt.
1955 2330 2061 2382 Sed
2116 2332 2397 2383 Vulcanius

338 2421 660 2479 praesti-emit
693 2415 903 2466 coniicit
931 2416 1238 2481 legendum,
1279 2415 1641 2466 Tillemontiue
1672 2412 1735 2465 Τ.
1770 2414 1863 2464 vl.
1892 2428 1947 2483 p.
1986 2415 2100 2465 155.
2134 2417 2396 2465 ὑπέπεμπε.

344 2500 515 2567 Vulgo
547 2499 738 2566 legitur
767 2500 1039 2564 deomant,
1074 2514 1230 2564 quam
1263 2498 1538 2548 lectionem
1554 2502 1736 2547 tenent
1761 2497 2029 2562 Duboeiue
2048 2496 2113 2549 Τ.
2134 2496 2179 2549 1
2205 2511 2261 2562 p.
2286 2497 2396 2547 555.

345 2583 749 2637 etDeeiriciuel.
764 2584 800 2633 l.
815 2583 880 2635 Τ.
895 2584 992 2634 ΙΠ.
1012 2582 1076 2633 L.
1100 2583 1193 2634 IV.
1216 2583 1277 2636 P.
1300 2582 1371 2632 Π.
1388 2597 1431 2632 c.
1442 2584 1494 2631 9.
1506 2578 1968 2647 —perculem)Ed.
1993 2582 2111 2633 Par.
2124 2584 2396 2643 proculam.

345 2694 410 2706 -—
443 2666 760 2736 quamtum)
821 2666 1019 2722 Hister.
1052 2667 1201 2720 Mino.
1233 2680 1352 2717 cum
1384 2666 1512 2716 Exo.
1550 2670 2028 2729 qmntulumctmque
2040 2702 2055 2730 ,
2098 2664 2293 2731 optime
2308 2702 2321 2729 ,
2355 2664 2399 2715 ei

347 2752 540 2805 olibrio.
600 2751 805 2802 ‘Eadem
836 2757 1028 2815 tamen,
1063 2766 1167 2817 qua
1199 2751 1285 2801 hic
1319 2748 1713 2816 significatione,
1746 2752 1807 2799 ut
1838 2752 2131 2811 quantulum
2163 2748 2306 2799 idem
2334 2749 2400 2798 eit

347 2833 487 2898 quod
535 2837 1036 2899 Quantascunque,
1090 2834 1284 2900 legitur
1326 2848 1430 2883 vox
1463 2847 1527 2882 ea
1558 2832 1621 2881 R.
1656 2830 1709 2881 S.
1746 2846 1790 2880 c.
1827 2832 1910 2883 32.
1946 2830 2019 2880 in.
2053 2834 2117 2880 ut
2163 2829 2253 2881 hio
2298 2842 2400 2880 non

350 2916 418 2967 eit
448 2916 768 2978 mutandum.
785 2942 853 2955 -·
874 2920 1131 2979 relictaque
1163 2918 1772 2979 victoria—triumphum
1799 2911 2047 2980 foedaret)
2100 2911 2264 2963 Haud
2297 2912 2400 2963 ecio

348 3014 418 3049 an
449 3002 734 3062 relictaeque
765 3003 999 3050 victoriae
1029 2998 1307 3066 legendum
1341 2999 1422 3049 sit.
1492 2998 1730 3049 Ceterum
1762 2998 1821 3047 in
1851 2998 1957 3063 ΜΕ.
1992 2998 2109 3048 Par.
2143 2999 2402 3059 reliquam-

347 3098 434 3147 que
465 3086 726 3133 victoriam
758 3082 964 3149 legitur.
995 3110 1065 3123 -
1097 3080 1546 3147 quod-obviabat)
1590 3082 1696 3147 Mg.
1731 3080 1849 3131 Par.
1889 3096 2006 3130 cum
2039 3078 2181 3145 Epit.
2216 3078 2402 3143 qui-ob-

348 3168 534 3218 viabat.
567 3189 637 3205 ·-·
668 3181 784 3216 cum
813 3182 908 3217 oua
933 3164 1233 3234 perditione)
1266 3167 1466 3217 Histor.
1500 3165 1647 3215 Mise-
1684 3169 1743 3214 et·
1768 3164 1897 3215 Exc.
1932 3178 2044 3213 cum
2074 3174 2278 3213 suorum
2298 3176 2402 3224 per·

350 3252 533 3300 ditione
552 3286 567 3314 ,
604 3248 1029 3314 quemadmodum
1063 3251 1219 3302 etiam
1249 3249 1445 3315 reperit
1476 3250 1535 3299 in
1564 3262 1661 3299 suo
1683 3246 1951 3298 Bonfiniue
1964 3284 1978 3311 ,
2014 3260 2132 3296 oum
2162 3245 2405 3295 exhibeat

351 3334 485 3383 Actis·
527 3340 736 3384 mortem
766 3348 966 3384 suorum
998 3339 1156 3385 salute
1190 3338 1462 3393 char-iwan
1495 3334 1776 3383 habendam
1809 3346 1906 3381 ecee
1936 3329 2307 3405 arbitrabatur.-
2350 3329 2405 3375 at

351 3432 384 3468 a
415 3418 557 3485 vulg.
594 3422 698 3471 stat
717 3416 975 3483 Epitome,
1014 3432 1148 3483 quae
1179 3419 1282 3469 ita:
1315 3424 1523 3469 mortem
1556 3418 1665 3467 Ecii
1698 3414 1755 3482 (1.
1792 3412 1947 3479 Αὲεἰί)
1980 3416 2135 3463 etiam
2168 3426 2284 3462 eum
2301 3420 2399 3459 -suo

351 3504 496 3551 exitio
539 3496 817 3566 offectabat.
852 3526 922 3539 -
951 3504 997 3551 ει·
1040 3517 1174 3551 semu
1215 3500 1418 3567 cedent)
1473 3500 1557 3550 Ita
1589 3500 1725 3552 Pall.
1756 3496 1914 3562 vulgo
1958 3501 2015 3545 nt
2046 3498 2091 3544 et
2122 3507 2229 3545 non
2261 3506 2391 3543 seem

355 3584 533 3632 eederet
546 3620 559 3647 ,
603 3583 741 3649 quod
783 3588 838 3635 et
881 3583 1050 3649 ipsum
1092 3584 1215 3635 ferri
1245 3585 1433 3649 poenit,
1470 3584 1516 3633 ei
1547 3581 1882 3647 suppleamus
1916 3577 2231 3645 cogitatione
2264 3580 2402 3640 atque

356 3666 632 3727 haruspices
658 3667 1029 3732 praedixissent.
