2567 4084
1142 148 1222 215 ⁷⁷

141 329 368 414 animi,
409 329 742 416 respondit
780 329 1030 414 legatis,
1073 328 1316 395 bellum
1360 346 1433 397 se
1458 327 1713 415 quidem
1761 328 1891 396 tale
1930 330 2211 417 horrere,

143 430 506 515 durumque
553 429 686 495 fore
729 434 794 495 et
817 428 1076 495 omnino
1105 429 1443 495 scelestum
1470 428 1661 495 armis
1682 428 2029 513 „confligere
2066 450 2211 497 cum

139 528 549 614 propinquis„
594 528 736 595 loca
775 548 934 595 vero
976 548 1106 593 non
1149 527 1395 595 cedere.
1466 524 1643 611 Quid
1684 527 1931 595 multa?
2004 527 2213 615 Gepi-

141 627 268 693 dae
311 626 382 691 in
427 627 594 693 bella
629 629 898 712 irruunt,
941 634 1164 696 contra
1207 648 1387 713 quoS,
1430 647 1513 693 ne
1554 628 1761 693 minor
1802 628 2209 714 iudicaretur,

139 725 349 791 movit
393 732 458 791 et
498 727 886 812 ostrogotha
933 728 1352 814 procinctum,
1398 729 1915 814 conveniuntque
1958 727 2043 793 ad
2088 751 2208 816 op-

139 824 370 910 pidum
417 825 654 909 Galtis,
711 827 892 893 iuxta
946 826 1119 913 quod
1163 828 1361 893 currit
1414 827 1652 895 fluvius
1708 827 1933 911 Anba,
1990 826 2210 915 ibique

137 944 378 1006 magna
419 926 696 1010 partium
735 927 978 993 ,virtute
1021 931 1329 992 certatum
1374 932 1491 1009 est,
1544 927 1782 1013 quippe
1829 948 1989 1013 quos
2030 928 2097 993 in
2142 946 2210 993 se

139 1018 208 1089 'et
269 1043 588 1089 armorum
646 1028 708 1090 et
766 1025 1096 1111 pugnandi
1155 1026 1503 1091 similitudo
1566 1030 2028 1110 commoverat3
2096 1027 2209 1092 sed

139 1144 340 1191 causa
393 1124 615 1191 melior
676 1123 1113 1212 vivacitasque
1168 1125 1408 1210 ingenii
1450 1125 1615 1191 iuvit
1659 1125 1926 1191 Gothos.
2012 1125 2210 1191 Incli-

137 1230 294 1289 nata
350 1223 624 1311 denique
692 1232 872 1310 parte
937 1224 1324 1310 Gepidarum
1381 1225 1698 1312 proelium
1748 1246 1879 1291 nox
1935 1226 2207 1293 diremit.

140 1326 330 1390 Tunc
355 1324 575 1389 relicta
605 1344 862 1389 suorum
891 1330 1102 1408 strage
1129 1324 1412 1409 Fastida,
1457 1344 1570 1389 rex
1602 1323 2016 1410 Gepidarum,
2054 1344 2209 1409 pro-

137 1423 394 1509 peravit
438 1424 521 1489 ad
562 1424 855 1510 patriam,
899 1430 1026 1488 tam
1069 1426 1387 1511 pudendis
1424 1424 1786 1511 opprobriis
1816 1424 2207 1508 humilia-tw,

141 1544 337 1611 quam
380 1525 586 1588 fuerat
631 1523 902 1589 ela-tione
963 1530 1227 1589 erectus.
1315 1525 1613 1591 Redeunt
1666 1523 1943 1588 victores
1988 1523 2207 1607 Gothi,

140 1623 537 1709 Gepidarum
570 1623 953 1689 discessione
985 1625 1287 1707 contenti,
1334 1644 1576 1710 suaque
1620 1623 1688 1688 in
1713 1624 1919 1710 patria
1946 1622 2210 1687 feliciter

137 1722 205 1786 in
248 1741 414 1807 pace
457 1726 810 1805 versantur,
857 1744 1058 1810 usque
1101 1724 1252 1791 dum
1300 1744 1519 1792 eorum
1550 1723 1847 1811 praevius
1878 1722 2210 1789 exsisteret

141 1821 556 1905 ostrogotha.
1848 1839 1865 1847 ·

2142 1954 2209 1970 ..t—

141 2036 194 2081 et
229 2030 409 2082 Garet.
448 2032 661 2080 eiusdem
684 2036 840 2094 yemis
857 2036 1034 2096 populi
1065 2034 1239 2099 vulgo.
1265 2060 1332 2071 --
1356 2028 1482 2097 loca)
1509 2030 1682 2080 Ambr.
1709 2046 1824 2079 cum
1847 2030 1977 2080 Rod.
2004 2034 2127 2079 loco.
2144 2057 2207 2068 -—

137 2132 197 2165 ne
233 2118 406 2167 minor
437 2112 758 2181 iudicaretur)
809 2114 896 2165 Sic
929 2116 1061 2165 Pall.
1097 2117 1270 2165 Ambr.
1309 2116 1413 2181 Mg.
1454 2116 1570 2167 Par.
1607 2130 1665 2164 ne
1696 2118 1845 2164 nimii
1874 2116 2211 2164 iudicarentur

137 2199 316 2263 vulg0.
352 2222 424 2235 --
461 2195 642 2263 Gallis)
676 2198 851 2251 Ambr.
883 2201 1049 2261 Calli-3,
1085 2200 1226 2263 Epit.
1253 2202 1460 2261 Balthis,
1496 2200 1647 2249 Bonf.
1672 2200 1926 2248 Balihum.
1952 2226 2013 2235 -—
2038 2196 2208 2266 Aulia)

137 2279 228 2330 Sic
261 2280 402 2331 Pan.
436 2284 532 2344 pro'
565 2280 707 2346 vulg.
743 2281 942 2345 Aucha,
979 2282 1083 2347 Mg.
1120 2283 1237 2333 Par.
1273 2286 1475 2346 Ηοιιηα,
1509 2284 1650 2349 Epit.
1688 2300 1804 2333 cum
1838 2282 1987 2333 Bonf.
2024 2284 2213 2345 Aucta,-

137 2360 523 2413 Sehaffarikius
553 2362 638 2411 in:
688 2363 908 2425 Ablcu‘nft
953 2365 1036 2413 der
1080 2366 1276 2414 Slawen
1317 2382 1369 2429 p.
1408 2368 1521 2420 102.
1567 2368 1646 2415 in-
1664 2367 1804 2430 vulg.
1852 2366 2023 2415 Aucha
2066 2362 2211 2431 (nam

139 2446 270 2495 Pall.
309 2446 469 2495 lectio
505 2460 621 2494 eum
645 2446 900 2512 fugiebat)
939 2449 1275 2512 transpositas
1311 2462 1422 2499 esse
1457 2449 1585 2499 duas
1618 2448 1795 2498 literas
1831 2453 2003 2497 censet
2036 2448 2211 2513 legen-

141 2528 374 2593 dumque
404 2529 583 2591 Vacha,
618 2530 743 2590 Way
766 2529 874 2579 sive
899 2530 1052 2593 Wah,
1089 2532 1156 2579 ad
1181 2547 1334 2595 quam
1357 2534 1691 2597 posteriorem
1713 2532 2206 2597 pronunciationem,

143 2613 191 2663 si
223 2612 412 2661 literas
445 2626 479 2658 α
512 2617 565 2661 et
599 2629 633 2661 u
667 2617 999 2677 transponas,
1046 2614 1200 2663 lectio
1245 2631 1278 2664 a
1320 2615 1469 2665 nobis
1502 2619 1710 2677 recepta
1740 2614 1905 2679 magis
1939 2616 2095 2663 etiam
2128 2630 2212 2663 ac-

135 2692 300 2748 cedit.
335 2687 406 2735 3-—
442 2699 703 2757 puynaemdi
735 2694 1037 2762 similitudo)
1081 2696 1164 2745 Ita
1206 2698 1339 2747 Pau.
1371 2712 1572 2761 puynae
1614 2699 1886 2746 similitudo
1931 2698 2106 2763 vulgo.
2141 2724 2211 2735 -

142 2783 480 2841 vivacitasque
499 2779 707 2846 inyem'i)
732 2780 818 2831 Sic
841 2782 972 2832 Pall.
993 2773 1163 2831 Ambr'.
1183 2780 1288 2847 Mg.
1308 2782 1421 2831 Par.
1441 2784 1677 2843 vivaxque
1694 2784 1947 2843 inqenium
1964 2782 2210 2847 vulgo.—

141 2867 299 2926 iuvit)
346 2862 436 2913 Sic
469 2878 562 2927 pro
597 2865 736 2928 vulg.
772 2868 915 2913 iuvat
948 2866 1076 2913 Pall.
1117 2882 1232 2915 curn
1267 2854 1373 2930 M'g.
1412 2865 1525 2914 Par.
1568 2892 1636 2903 -
1676 2869 1920 2927 proelium
1952 2880 2049 2915 nox
2084 2869 2211 2917 dire·

141 2948 259 3012 mit)
295 2949 454 2997 Hanc
487 2946 726 2996 Rhenani
759 2950 1100 2997 coniecturam
1140 2947 1280 3015 (nam
1318 2948 1397 3001 ed.
1429 2964 1504 3013 pr.
1539 2951 1779 3009 proelium
1812 2962 1926 2997 moa:
1959 2951 2212 3000 dirimitur

144 3032 388 3096 exhibet)
437 3028 504 3079 ad
549 3046 709 3079 unum
757 3046 930 3081 omnes
977 3034 1140 3081 nostri
1173 3034 1497 3081 retinuerunt
1531 3031 1765 3080 editores.
1808 3059 1871 3069 —
1904 3032 2209 3099 discessione)

140 3115 228 3165 Ita
272 3130 369 3179 pro
404 3114 626 3163 lectione
675 3112 786 3163 edd.
821 3130 897 3179 pr.
937 3116 1237 3165 descensione
1281 3117 1475 3181 primus
1522 3114 1664 3165 dedit
1706 3114 2016 3166 Vulcanius
2039 3132 2067 3167 e
2102 3118 2206 3181 Mg.

143 3198 226 3248 ed.
265 3197 481 3246 Leuncl.
521 3197 604 3246 vel
640 3197 754 3246 Par.
795 3226 850 3233 -——
902 3202 956 3246 in
989 3202 1157 3261 patria
1185 3194 1395 3261 feliciter
1432 3203 1487 3247 in
1516 3212 1639 3261 pace
1670 3196 1947 3264 versentur)
1995 3196 2081 3248 Sic
2115 3215 2207 3263 pro

141 3282 382 3345 vulg.·in
397 3284 570 3343 patria
591 3285 746 3331 nostri
766 3285 821 3330 in
837 3296 959 3345 pace
977 3284 1235 3331 versantur
1265 3282 1398 3336 Pan,
1435 3298 1549 3331 cum
1584 3282 1755 3333 Ambr.
1791 3281 1895 3346 Mg.
1930 3281 2044 3330 Par.
2079 3282 2208 3335 Exc.

141 3362 279 3413 Bou.
