2567 4084
1261 171 1359 217 111⁴

254 358 459 427 quam
480 338 548 403 in
571 336 742 419 illos,
787 338 1140 419 grassatam
1181 354 1321 403 esse
1364 345 1425 401 et
1466 335 1768 421 temporis
1812 336 1945 428 vim
1990 320 2332 405 iniuriam-

255 457 407 524 que,
433 442 497 503 et
521 434 924 501 librariorum
948 434 1280 501 hominum
1317 435 1644 515 incuriam,
1674 433 2151 519 negligentiam,
2192 443 2331 505 stu-

259 556 484 625 porem
509 585 527 621 ,
570 534 888 601 inscitiam
912 583 929 617 ,
991 534 1377 621 quandoque
1421 536 1612 601 etiam
1656 534 2000 605 licentiam.
2083 536 2329 621 Quam-

257 637 360 703 vis
401 640 618 703 autem
657 634 1002 723 plurimum
1045 652 1276 726 operae
1320 654 1395 699 ac
1423 633 1661 701 laboris
1689 634 2049 721 posuissem
2074 636 2141 702 in
2172 655 2331 703 con-

251 740 441 803 textu
503 735 920 821 expurgando
995 733 1561 821 emendandoque‚
1633 733 1809 800 haud
1864 734 2055 821 pauci
2110 738 2331 802 tamen

251 839 636 921 supererant
695 834 822 900 loci
882 833 1164 920 corrupti
1217 838 1282 899 et
1324 834 1694 921 depravati,
1752 834 1985 921 quibus
2028 834 2331 901 sanandis

261 944 524 1021 operam
579 954 760 1001 suam
816 933 1138 1018 negabant
1195 934 1397 999 nostri
1458 933 1623 999 libri.
1724 934 2057 999 Eiusmodi
2114 933 2331 1021 itaque

260 1034 329 1099 in
371 1035 530 1101 locis
572 1034 933 1101 coniectura
985 1038 1123 1099 erat
1163 1033 1508 1118 agendum:
1571 1052 1760 1119 quam
1807 1053 1933 1119 quo
1978 1051 2153 1125 cum.
2182 1052 2329 1100 suc-

243 1154 442 1201 cessu
505 1135 896 1201 exercuerim
927 1183 945 1217 ‚
1025 1132 1332 1199 iudicium
1407 1132 1567 1198 alios
1632 1150 1829 1219 penes
1903 1137 2059 1197 esto.
2182 1132 2331 1199 Non

249 1238 478 1300 -tamen
534 1234 932 1321 recipiendas
993 1233 1150 1299 duxi
1213 1234 1280 1297 in
1338 1237 1704 1298 contextum
1756 1231 2152 1325 coniecturas
2204 1226 2377 1299 nisi*

261 1332 704 1419 paucissimas,
751 1354 892 1420 quae
933 1352 1084 1409 non,
1107 1334 1299 1400 modo
1344 1334 1656 1418 insignem
1701 1330 2022 1419 quandam
2050 1331 2329 1419 speciem

260 1432 422 1515 veri,
473 1433 586 1497 sed
613 1432 817 1519 ipsius
847 1440 1104 1520 quoque
1134 1432 1469 1500 evidentiae
1496 1432 1843 1497 claritatem
1878 1429 2117 1495 habere
2142 1430 2327 1495 vide·-

261 1536 480 1597 rentur
494 1581 513 1615 ‚
574 1552 770 1618 quum
827 1533 1108 1599 timidior
1160 1532 1552 1619 deprehendi
1594 1531 1847 1597 mallem
1890 1550 2083 1617 quam
2124 1531 2327 1595 auda·-

245 1632 398 1699 cior.
487 1630 616 1699 Sed
661 1651 870 1719 neque
924 1631 1016 1697 sic
1077 1632 1232 1697 satis
1292 1631 1527 1697 factum
1582 1630 1896 1719 putabam
1954 1629 2324 1697 lectoribus.

249 1732 486 1798 Narrat
543 1732 712 1799 enim
753 1732 1046 1799 Iordanis
1089 1753 1190 1799 res
1233 1733 1541 1819 plurimas
1564 1782 1583 1817 ,
1644 1738 1803 1818 quas
1856 1730 2056 1796 multo
2110 1730 2321 1795 minus

243 1852 440 1920 quam
499 1852 647 1919 quae,
715 1854 756 1899 a
833 1832 1072 1899 Graecis
1129 1832 1504 1919 Latinisque
1586 1829 2003 1918 scriptoribus
2074 1830 2323 1897 traditae

255 1937 406 1999 sunt
449 1932 623 2017 olim,
668 1931 980 1999 habemus
1013 1936 1322 2018 cognitaS,
1368 1953 1584 2020 eaeque
1626 1934 1693 1997 in
1734 1934 1813 1997 iis
1844 1948 2014 2015 saepe
2042 1929 2323 2012 regioni-

253 2030 378 2099 bus
421 2037 486 2097 et
527 2034 710 2097 terris
752 2038 948 2117 gestae
980 2034 1359 2117 referuntur,
1406 2052 1676 2119 quarum
1717 2031 1957 2097 leriore
1999 2028 2106 2095 vel
2144 2028 2325 2095 nulla

249 2131 443 2197 etiam
501 2131 732 2197 imbuti
775 2151 994 2197 sumus
1035 2131 1303 2215 notitia3
1347 2137 1652 2218 praeterea
1692 2136 1913 2215 gentes
1932 2179 1949 2214 ‚
2009 2129 2323 2216 nationes,

250 2229 478 2317 populi
511 2235 1086 2297 commemorantur
1112 2230 1195 2297 ab
1226 2232 1451 2297 eodem
1482 2239 1547 2298 et
1579 2232 1759 2319 quasi
1778 2232 1855 2324 ⁸in
1884 2250 2140 2297 scenam
2167 2251 2322 2319 pro-

247 2330 599 2415 ducuntur,
669 2332 781 2417 qui
835 2330 962 2397 illis
1015 2350 1095 2397 ne
1157 2331 1385 2398 auditu
1438 2333 1697 2419 quidem
1752 2331 2005 2397 fuerunt
2062 2330 2320 2415 cogniti.

246 2427 544 2515 Denique
588 2448 784 2496 voces
825 2429 1306 2519 locutionesque
1349 2433 1751 2520 reperiuntur
1794 2432 1970 2517 apud
2007 2436 2319 2517 nostrum,

249 2546 409 2613 quas
436 2529 613 2615 prior
641 2535 707 2595 et
733 2529 1053 2616 antiquior
1079 2535 1234 2597 aetas
1274 2536 1387 2597 aut
1420 2530 1742 2617 ignoravit
1782 2533 1895 2596 aut
1924 2529 2109 2594 aliter
2150 2528 2322 2615 cepit

243 2633 308 2695 et
348 2632 707 2716 usurpavit,
754 2641 1149 2718 quarumque
1193 2630 1274 2697 de
1315 2632 1777 2716 significatione
1820 2629 2027 2695 lexica
2084 2628 2319 2695 frustra

245 2727 620 2817 plerumque
679 2731 1091 2798 consulueris,
1170 2730 1376 2815 Igitur
1426 2738 1499 2797 ut
1538 2730 1641 2797 his
1699 2748 1955 2818 quoque
2009 2728 2079 2795 in
2120 2728 2316 2795 rebus

246 2828 682 2896 consuleretur
722 2829 1070 2896 lectoribus
1089 2878 1106 2913 ,
1167 2834 1611 2898 annotationes
1654 2831 1891 2899 addere
1940 2834 2039 2895 est
2080 2828 2313 2914 visum,

243 2927 478 3013 quibus
521 2930 712 2995 modo
754 2949 858 2995 res
914 2934 1109 3013 gestae
1127 2979 1146 3015 .,
1214 2950 1354 3017 quae
1396 2952 1437 2997 a
1480 2937 1715 3015 nostro*
1740 2934 2109 3011 narrantur,
2165 2928 2319 2995 illu-

244 3032 594 3095 strarentur
610 3078 627 3113 ,
687 3030 992 3114 adhibitis
1035 3032 1200 3097 hanc
1244 3032 1311 3097 in
1352 3052 1487 3097 rem
1544 3051 1689 3098 cum
1746 3030 1887 3095 aliis
1946 3028 2318 3095 auctoribus

242 3131 380 3193 tum
415 3127 670 3195 illorum
706 3136 1086 3216 temporum,
1131 3132 1325 3197 modo
1369 3133 1627 3198 nomina
1670 3149 1747 3194 ac
1792 3131 1979 3196 sedes
2023 3128 2312 3215 gentium

241 3228 701 3315 nationumque
763 3239 954 3316 atque
1011 3231 1269 3297 urbium
1340 3232 1811 3317 fluviorumque
1870 3231 2029 3313 situs
2087 3227 2170 3294 ab
2234 3247 2313 3294 eo

241 3332 896 3413 commemoratarum,
925 3336 1239 3417 quatenus
1267 3331 1405 3400 eius
1439 3331 1577 3396 fieri
1601 3337 1841 3417 posset,
1890 3328 2313 3416 explanaren-

237 3431 365 3510 tur,
407 3426 636 3523 allatis,
681 3448 822 3515 quae
851 3430 932 3497 de
975 3430 1054 3496 iis
1096 3431 1222 3495 viri
1243 3430 1438 3507 ,docti
1480 3432 1613 3498 suis
1640 3432 1710 3495 in
1741 3430 1921 3496 libris
1952 3427 2225 3516 sparsim
2250 3432 2316 3495 et

237 3525 676 3612 superioribus
704 3528 1100 3617 temporibus
1143 3535 1210 3595 et
1249 3536 1467 3597 nostro
1513 3531 1921 3597 commentati
1964 3532 2177 3595 essent
2212 3547 2313 3615 ac,

237 3630 556 3713 quatenus
583 3630 986 3697 commodum
1027 3628 1392 3711 videbatur,
1438 3630 1703 3697 servatis
1733 3630 2110 3719 plerumque
2150 3632 2313 3721 ipsis
