2567 4084
1324 97 1365 161 2

292 278 511 346 libello
557 285 834 347 coartem
860 318 942 331 —
971 280 1130 345 dura
1163 278 1317 342 satis
1353 277 1640 364 imperia,
1687 282 1749 344 et
1784 283 2108 364 tamquam
2138 277 2222 345 ab
2263 299 2362 360 eo,

295 379 406 465 qui
445 377 702 464 pondus
733 369 939 464 'hujus
983 377 1192 464 operis
1236 376 1397 441 scire
1439 375 1633 462 nolit,
1676 377 2009 463 imposita!
2053 377 2367 443 nee·illud

295 477 598 565 adspicis»,
631 478 801 565 quod
836 476 1046 543 tenuis
1073 475 1230 540 mihi
1273 479 1371 540 est
1398 474 1661 562 spiritus
1700 476 1783 542 ad
1813 475 2203 563 implendam
2228 477 2367 543 eius

291 582 424 643 tam
455 577 856 662 magnificam
901 575 1155 642 dicendi
1191 575 1430 640 tubam.
1478 575 1685 661 Super
1725 594 1911 640 omne
1949 579 2162 640 autem
2196 595 2367 662 pon-

295 676 436 761 duS,
483 676 656 763 quod
696 696 815 743 nec
857 675 1126 741 facultas
1169 675 1537 740 eorumdem
1578 673 1886 740 librorum
1923 674 2111 742 nobis
2152 675 2363 761 datur,

294 774 606 863 quatenus
653 776 788 842 eius
833 775 1046 841 sensui
1087 775 1527 840 inserviamus.
1616 774 1744 841 Sed
1788 779 1859 840 ut
1899 794 2031 841 non
2073 775 2365 861 mentiar,

291 875 377 940 ad
416 876 779 941 triduanam
804 874 1145 942 lectionem
1173 874 1628 961 dispensatoris
1662 873 1797 940 eius
1822 873 2133 940 beneficio
2162 873 2366 939 libros

290 974 466 1062 ipsos
504 974 778 1042 antehoc
817 975 1032 1059 relegi.
1095 973 1383 1058 Quorum
1419 974 1711 1060 quamvis
1734 973 1935 1042 verba
1970 993 2100 1040 non
2127 973 2365 1057 recolo,

297 1093 524 1140 sensus
567 1080 781 1140 tamen
823 1079 888 1139 et
927 1093 1029 1140 res
1074 1083 1248 1140 actas
1294 1073 1481 1138 eredo
1524 1092 1627 1138 me
1670 1073 1912 1156 integre
1954 1078 2186 1138 tenere.
2255 1073 2367 1140 Ad

295 1193 456 1261 quos
501 1178 563 1240 et
607 1193 686 1240 ex
727 1173 1052 1240 nonnullis
1095 1172 1378 1238 historiis
1426 1171 1685 1238 Graecis
1737 1192 1814 1237 ae
1854 1172 2099 1238 Latinis
2142 1172 2366 1262 addidi

292 1272 774 1358 convenientia,
835 1273 1086 1339 initium
1141 1273 1460 1358 finemque
1514 1277 1578 1336 et
1618 1272 1804 1357 plura
1846 1273 1912 1336 in
1967 1272 2177 1338 medio
2222 1293 2370 1338 mea

286 1371 568 1438 dictione
617 1373 1024 1459 permiscens.
1112 1371 1325 1457 Quare
1378 1373 1515 1437 sine
1571 1371 1953 1438 contumelia
2010 1372 2181 1458 quod
2239 1392 2367 1439 ex-

291 1473 502 1558 egisti,
542 1475 793 1560 suscipe
828 1473 1057 1558 libens,
1093 1472 1511 1538 libentissime
1545 1471 1721 1558 lege3
1766 1479 1829 1538 et
1863 1473 1917 1538 si
1950 1472 2103 1558 quid
2133 1493 2367 1559 parum

292 1572 536 1637 dietum
581 1579 701 1657 est,
746 1578 810 1638 et
853 1578 942 1658 tu,
989 1577 1062 1638 ut
1087 1573 1339 1639 vicinus
1372 1574 1569 1658 genti,
1614 1591 2138 1656 commemorans,
2174 1573 2364 1643 adde.

295 1671 427 1739 Ora
467 1693 588 1762 pro
633 1692 754 1760 me,
798 1673 991 1740 frater
1034 1673 1390 1740 carissime!
1454 1673 1771 1740 Dominus
1815 1669 2055 1738 tecum!

426 1909 578 1976 nolit)
599 1909 700 1964 Ed.
710 1911 828 1961 Par.
852 1914 998 1960 nolet.
1021 1938 1080 1947 -
1115 1912 1274 1974 Super
1298 1925 1441 1960 omne
1462 1915 1629 1960 autem
1645 1908 1958 1976 pondus)1ta
1971 1908 2104 1959 Pan.
2118 1913 2171 1959 et
2181 1908 2361 1963 Ambr.

292 1991 386 2045 sed
397 1994 504 2058 Mg.
521 1992 639 2042 Par.
662 2008 808 2058 super
829 1997 962 2043 enim
986 2007 1153 2044 omnes
1177 1999 1264 2045 est.
1300 1994 1365 2054 V,
1388 1996 1602 2056 Superat
1621 2009 1709 2043 nos
1731 1995 1820 2043 hoc
1840 1993 2048 2056 pondus.
2073 2020 2141 2032 —
2174 1992 2358 2060 tenere)

286 2076 464 2127 Ambr.
497 2079 716 2126 retinere.
751 2102 821 2114 -
865 2083 912 2126 et
943 2094 999 2128 επ
1033 2081 1282 2127 nonnullis
1315 2076 1553 2141 historiis)
1590 2075 1679 2126 Sie
1708 2091 1803 2140 pro
1842 2076 1984 2142 vulg.
2019 2079 2261 2125 nonnulla
2301 2091 2360 2125 ea·

290 2163 510 2209 historiis
549 2159 684 2211 Pan.
724 2165 778 2209 et
809 2160 922 2226 Mg.
959 2161 1077 2210 Par.
1130 2187 1198 2199 -—
1245 2176 1359 2209 mea
1381 2154 1614 2228 dictione)
1630 2160 1729 2210 ·Ita
1760 2160 1893 2210 Pan.
1918 2159 2092 2210 Ambr.
2126 2159 2233 2224 Mg.
2256 2158 2364 2209 Par

289 2243 356 2292 V.
394 2245 678 2308 dictatione,
721 2243 807 2294 eui
841 2243 1056 2294 leetioni
1086 2244 1443 2308 patroeinatur
1471 2245 1716 2294 Bai-thius
1748 2244 1963 2295 Advers.
1995 2243 2139 2308 XIX,
2178 2244 2257 2292 14.
2291 2269 2365 2282 --

289 2331 339 2376 ei
372 2332 426 2376 tu
448 2353 515 2365 -·—
537 2324 688 2392 adde)
721 2326 822 2377 Pro
857 2333 906 2377 et
941 2333 996 2376 tu
1024 2326 1443 2393 Lindenbrogius
1472 2330 1529 2380 id
1560 2334 1615 2380 tu
1646 2328 1941 2393 suspicatur
1958 2325 2254 2392 legendum.
2284 2353 2361 2364 —

287 2422 694 2474 commemorans,
719 2408 864 2477 adde)
887 2408 975 2460 Sic
996 2410 1128 2461 alter
1141 2409 1254 2463 Pal.
1280 2426 1398 2460 cum
1410 2410 1586 2463 Ambr,
1605 2424 1957 2462 commemoras
1970 2428 1987 2458 .·
2012 2411 2153 2460 adde.
2172 2409 2350 2475 vulg0.

293 2495 422 2555 Ora)
459 2493 566 2559 ΜΒ.
588 2493 706 2543 Par.
745 2508 906 2543 oram.
944 2522 1010 2531 —
1045 2495 1293 2544 Dominus
1331 2493 1511 2561 tecum)
1545 2495 1695 2545 Haeo
1725 2495 1886 2545 verba.
1908 2494 1963 2543 in
1988 2492 2107 2546 edd.
2134 2493 2359 2556 desunt3

285 2576 466 2628 addidi
489 2592 518 2628 e
539 2577 671 2632 Pan.
699 2583 752 2628 et
773 2578 948 2629 Ambr.
971 2578 1106 2629 sistit
1130 2593 1194 2628 ea
1216 2578 1373 2629 etiam
1397 2579 1511 2630 eod.
1535 2579 1705 2633 Vatia.
1738 2579 1851 2632 639.
