2567 4084
1237 194 1317 261 19

190 374 584 461 Ragnaricii,
623 374 811 441 Finni
847 376 1182 459 mitissimi,
1221 377 1553 444 Scandzae
1579 378 1929 446 cultoribus
1965 381 2263 449 omnibus
2356 448 2359 453 ,

191 473 518 557 mitiores3
579 494 828 541 necnon
890 482 953 540 et
1009 474 1197 563 pares
1255 496 1475 543 eorum
1519 477 1933 563 Vinoviloth,
1990 480 2259 567 Suetidi,

190 572 434 655 cogniti
475 575 543 639 in
577 575 700 664 hac
728 578 917 659 gente
947 576 1209 662 reliquis
1232 596 1499 663 corpore
1529 575 1994 663 eminentioreS,
2033 599 2259 667 quam-

189 670 294 735 vis
339 676 404 736 et
444 673 636 754 Dani,
682 692 764 739 ex
807 674 1091 760 ipsorum
1135 676 1335 761 stirpe
1376 679 1731 762 progressi,
1787 676 2063 743 Herulos
2104 700 2259 766 pro-

186 770 350 855 priis
413 774 672 839 sedibus
736 774 1154 861 expulerunt,
1232 774 1342 861 qui
1406 775 1572 840 inter
1646 795 1865 843 omues
1931 778 2259 847 Scandzae

184 870 478 937 nationes
535 892 768 938 nomen
827 874 950 939 sibi
1007 876 1092 941 ob
1151 876 1415 940 nimiam
1472 876 1917 961 proceritatem
1960 875 2259 945 affectant

182 971 620 1056 praecipuum.
667 973 831 1039 Sunt
865 994 1248 1061 quamquam
1276 979 1339 1039 et
1368 974 1623 1039 illorum
1658 977 1947 1061 positura
1968 975 2254 1063 Grannii,
2346 978 2349 983 ’

181 1069 639 1156 Augandziae,
684 1072 916 1157 Unixi,
960 1074 1323 1158 Ethelrugi,
1372 1072 1673 1157 Ariochi,
1732 1073 1978 1162 Ranii,
2020 1074 2254 1160 quibus

181 1188 313 1235 non
357 1176 504 1235 ante
547 1172 780 1238 multos
821 1192 1024 1238 annos
1065 1171 1355 1239 Roduulf
1391 1190 1508 1237 rex
1548 1171 1687 1255 fuit,
1736 1172 1847 1257 qui
1888 1178 2251 1261 contempto

179 1272 444 1355 proprio
487 1290 685 1354 regno
747 1271 830 1335 ad
871 1272 1254 1337 Theoderici
1300 1269 1658 1336 Gothorum
1716 1270 1885 1354 regis
1940 1272 2251 1354 gremium

181 1368 550 1433 convolavit
595 1375 678 1453 et,
726 1376 798 1436 ut
841 1369 1270 1455 desiderabat,
1314 1370 1581 1436 invenit.
1647 1368 1789 1433 Hae
1833 1369 2048 1455 itaque
2090 1392 2251 1455 gen-

176 1490 246 1499 -ι

177 1537 329 1587 Bonf.
365 1540 645 1599 lca-vanai&
693 1556 744 1587 v.
779 1541 1126 1589 Rauman'cae.
1163 1567 1231 1579 —
1264 1538 1571 1605 Raynaricii)
1606 1538 1693 1590 Sic
1724 1554 1819 1603 pro
1854 1540 1993 1603 vulg.
2017 1539 2249 1602 Rauyna-

173 1625 288 1670 ricii
325 1621 456 1671 Pall.
497 1622 672 1671 Ambr.
714 1622 918 1673 Monac.
957 1621 1218 1672 Vindobb.
1261 1622 1403 1687 Epit.
1441 1622 1533 1673 sed
1566 1622 1673 1687 Mg.
1709 1611 1825 1671 Par.
1861 1624 2147 1685 Raynan‘ci.
2181 1652 2249 1663 ‹-

175 1700 350 1769 Finni)
383 1704 560 1758 Ambr.
583 1706 762 1768 Runa,
785 1706 926 1770 Epit.
950 1707 1093 1754 funi.
1127 1733 1194 1742 —
1234 1704 1531 1772 Vinoviloth)
1556 1705 1699 1769 Epit.
1734 1706 2069 1767 Umomolothi‚
2093 1706 2247 1757 Bonf.

179 1788 493 1839 Vinovilethi.
530 1815 598 1826 —
642 1788 858 1855 Suetidi)
894 1788 982 1839 Sic
1013 1788 1144 1837 Pau.
1193 1786 1341 1837 codd.
1382 1788 1644 1838 Vindobb.
1692 1787 1820 1837 Exc.
1862 1786 2014 1837 Bonf.
2057 1788 2249 1837 Suedili

171 1870 318 1934 Epit.
357 1872 582 1919 suethidi
621 1872 796 1935 vulgo.
838 1900 907 1909 —
950 1868 1152 1936 comiti)
1176 1869 1260 1919 Ita
1291 1870 1429 1921 Pau.
1465 1870 1639 1919 Ambr.
1676 1868 1881 1920 Monac.
1914 1870 2043 1921 Exc.
2077 1884 2110 1917 a
2143 1870 2247 1919 lec·

168 1953 314 2003 tione
358 1953 501 2017 vulg.
554 1955 733 2015 Coyem’
776 1958 917 2004 stant
965 1952 1112 2004 codd.
1150 1952 1413 2004 Vindobb.
1447 1954 1591 2017 Epit.
1625 1953 1777 2003 Bonf.
1822 1977 1889 1987 -
1939 1954 2162 2013 quamvis
2197 1956 2247 2001 et

169 2037 311 2085 Dam’
326 2064 394 2073 —
409 2036 755 2103 praecipuum)
778 2038 1007 2102 Mallem,
1041 2038 1262 2087 relativo
1287 2041 1411 2086 ante
1439 2036 1534 2085 illa
1557 2040 1856 2099 exipsorum
1876 2036 2026 2095 stirpe
2052 2034 2243 2099 posito,

166 2119 456 2183 eodemque
474 2124 596 2184 post
617 2123 903 2183 expulerunt
923 2120 1112 2187 deleto,
1144 2124 1370 2184 quamvis
1392 2122 1439 2169 et
1454 2122 1609 2183 Demi,
1640 2123 1727 2183 qui
1755 2134 1811 2169 ea:
1833 2120 2057 2180 ipsorum
2090 2120 2243 2181 stirpe

166 2231 232 2239 —
251 2206 554 2265 expedemnt,
581 2205 710 2252 inter
733 2206 1222 2268 omnes—affectant
1248 2206 1588 2267 praecipuum.
1626 2230 1693 2241 —-
1730 2196 1962 2265 Gramii)
1990 2199 2097 2265 Mg.
2120 2200 2239 2251 Par.

164 2286 427 2347 Atyrandi,
450 2284 591 2349 Epit.
615 2289 838 2336 Gravini.
863 2315 930 2325 —
952 2287 1301 2352 Auqandziaej
1326 2284 1413 2335 Sic
1428 2286 1633 2335 Monac.
1658 2299 1860 2335 necnon
1877 2283 2009 2335 Pan.
2032 2284 2079 2333 si
2100 2288 2245 2335 recte

165 2370 430 2435 seiungas,
463 2370 648 2435 iungas
683 2374 736 2420 et
763 2370 935 2436 leg-⁸233
971 2370 1272 2435 praeferunt
1306 2368 1444 2417 enim
1475 2368 1741 2430 Auyandzi
1772 2368 2239 2431 Euniaeitaetelmyi3

166 2452 346 2501 Ambr.
371 2453 678 2514 Auytmziae,
701 2453 929 2505 vindob.
953 2454 1188 2515 Ασραπκί,
1213 2451 1355 2516 Epit.
1378 2454 1557 2515 Ganzi,
1580 2450 1731 2501 Bonf.
1754 2451 1947 2500 Ganzii.
1978 2474 2046 2483 —
2074 2448 2237 2513 Unixi,

163 2536 447 2601 Ethelmqi)
470 2536 602 2585 Pall.
627 2536 859 2600 iunctim,
895 2542 956 2585 ut
987 2534 1140 2585 modo
1173 2534 1369 2597 monui,
1403 2534 1852 2594 Etmixitaetelruyi,
1887 2530 2089 2583 Monac.
2111 2532 2236 2581 item

161 2617 382 2666 iunctim
426 2619 808 2681 Ππίυὶὲετεὶνυρᾱ,
843 2622 904 2667 ut
936 2619 1005 2668 sit
1036 2620 1252 2668 fortasse
1283 2615 1561 2681 legendum
1590 2616 1737 2664 Um'aei
1768 2619 1815 2663 et
1834 2615 2075 2675 EMc-uqi,
2106 2613 2235 2663 Vin-

160 2699 318 2749 dobb.
355 2700 557 2761 Ennia-i,
574 2701 678 2765 Mg.
713 2700 830 2749 Par.
875 2702 1036 2765 Um‘xi,
1061 2702 1361 2761 Hethelruyi,
1396 2698 1537 2763 Epit.
1564 2700 1771 2761 Emimti,
1794 2698 2045 2759 Baraza-595,
2078 2696 2229 2748 Bonf.

157 2783 359 2843 Etmixi,
381 2783 649 2845 Ethelcuyi.
673 2808 740 2818 -—
762 2784 975 2847 Ariochi,
1000 2780 1170 2850 Ranii)
1188 2783 1337 2833 Prius
1355 2782 1467 2833 cusi
1483 2783 1827 2845 Arochiranni,
1850 2780 1942 2831 sed
1958 2780 2089 2831 duas
2108 2780 2233 2831 inde

160 2869 344 2929 gentes
362 2865 532 2915 fecere
547 2866 679 2915 Pan.
717 2866 926 2917 GRUT.
947 2868 1218 2918 Consentit
1239 2881 1357 2916 cum
1367 2866 1500 2915 Pan.
1516 2866 1622 2930 Mg.
1636 2866 1753 2915 Par.
1772 2865 1876 2914 m’si
1892 2864 2031 2929 quod
2045 2866 2235 2914 Rcmm‘i

159 2948 402 3010 exhibet3
427 2950 630 2999 Monac.
651 2953 1013 3015 Arochiraum'i,
1038 2951 1297 3002 Vindobb.
1310 2940 1642 3019 timebit-cmii,
1664 2947 1795 2997 Rod.
1814 2950 2003 3009 Arellii,
2032 2950 2229 3013 Thanii,

156 3030 304 3095 Epit.
341 3034 670 3084 Arochiranii.
726 3062 792 3072 —
841 3050 944 3085 non
983 3040 1098 3085 ante
1134 3037 1319 3083 multos
1357 3031 1536 3099 annos)
1569 3031 1660 3083 >Sic
1692 3031 1825 3083 Pan.
1860 3031 2039 3095 inepte
2071 3032 2227 3096 vulgo

155 3127 258 3163 non
279 3121 397 3165 ante
419 3129 602 3179 omnes,
624 3120 710 3167 sed
731 3125 847 3167 ante
867 3122 1048 3168 multos
1070 3132 1245 3169 cennos.
1280 3144 1348 3157 -·—
1382 3112 1626 3180 Roduult')
1648 3114 1733 3164 Ita
1754 3129 1849 3178 pro
1870 3116 2014 3181 vulg.
2039 3116 2237 3185 Rodult'

153 3194 290 3246 Pan.
337 3198 432 3249 sed
472 3200 615 3265 Epit.
649 3202 906 3263 Rodulfus.
952 3229 1020 3240 -
1064 3202 1301 3250 Romanis
1322 3228 1391 3238 ·—
1410 3196 1713 3265 mundiores)
1760 3198 1936 3251 Ambr.
1970 3186 2225 3261 cum'Mg.

153 3278 239 3330 ed.
271 3295 353 3343 pr.
391 3284 660 3334 Germanis.
695 3312 760 3322 -
795 3297 996 3347 corpore
1020 3289 1068 3333 et
1089 3284 1277 3348 animo)
1312 3284 1489 3334 Ambr-
1526 3288 1570 3331 et
1610 3294 1808 3345 corpore
1850 3288 1896 3331 et
1935 3284 2123 3329 animo.
2158 3304 2225 3317 --
2294 3322 2303 3325 .

142 3368 380 3425 puynant
409 3365 605 3414 beluina
633 3368 869 3429 samua)
897 3366 984 3417 Sic
1015 3380 1135 3417 mss.
1152 3365 1285 3415 Pall.
1322 3381 1356 3415 a
1388 3380 1547 3415 manu
1578 3364 1939 3415 emendatrice.
1974 3378 2094 3410 nam
2125 3362 2224 3411 ini·

145 3447 226 3496 tio
261 3447 586 3499 scribebatur
610 3450 920 3513 puynabcmt,
956 3449 1092 3513 quod
1114 3454 1168 3499 et
1187 3447 1312 3499 ferri
1335 3452 1507 3513 queat.
1566 3446 1775 3497 GRUT.
1809 3443 2043 3495 Eandem
2067 3459 2222 3508 quam

147 3528 286 3582 Pall.
324 3530 600 3582 lectionem
631 3533 820 3583 sistunt
854 3533 1012 3583 etiam
1044 3532 1218 3582 Ambr.
1255 3530 1360 3596 Mg.
1395 3532 1515 3581 Par.
1547 3528 1677 3580 Rod.
1725 3528 1829 3579 nisi
1864 3527 2001 3592 quod
2034 3532 2087 3577 et
2120 3528 2222 3592 ipsi

139 3615 443 3675 puynabant
490 3618 816 3682 praeferunt,
871 3616 1009 3681 quod
1059 3620 1112 3667 et
1154 3615 1211 3665 in
1251 3613 1359 3680 Mg.
1404 3614 1485 3665 ed.
1531 3629 1607 3677 pr.
1642 3612 1850 3685 legitur.
1928 3628 1978 3662 v.
2014 3610 2221 3673 infestae

140 3702 340 3749 oaevitia
353 3713 568 3762 puynae.

1744 3770 1822 3823 2⁸8·
