2567 4084
1044 546 1576 683 mmmmm.

1197 790 1405 801 ——-

1017 904 1026 911 ’
1065 928 1116 997 1)
1168 924 1250 981 In
1299 933 1545 997 textu.

368 1064 479 1126 Pag.
513 1068 558 1115 4.
591 1080 637 1115 ν.
671 1068 715 1114 6.
750 1066 846 1114 dol.
877 1068 997 1116 coli.
1028 1078 1078 1125 Ρ.
1113 1066 1186 1113 13.
1221 1079 1267 1113 v.
1302 1063 1375 1113 12.
1420 1076 1509 1124 pro
1543 1068 1795 1113 alteribus
1824 1065 1859 1113 l.
1889 1050 2159 1120 later-imis.
2190 1083 2243 1132 Ρ.
2265 1070 2346 1119 31.

246 1156 294 1191 v.
327 1144 399 1191 12.
436 1143 668 1203 djstingu.
703 1148 839 1191 unde
871 1148 923 1191 et
960 1146 1215 1202 Virgilius:
1279 1156 1327 1203 p.
1348 1142 1436 1189 33.
1469 1157 1515 1189 v.
1550 1144 1594 1190 δ.
1627 1154 1715 1203 pro
1750 1146 1921 1190 Gothis
1954 1149 2077 1192 tunc
2109 1146 2145 1195 1.
2170 1150 2350 1195 Gothic

245 1233 364 1269 eum
400 1226 534 1269 tunc.
595 1236 644 1284 p.
677 1221 752 1269 38.
786 1235 834 1269 v.
869 1220 916 1271 2.
949 1224 1065 1281 post
1095 1219 1397 1275 effecerunt.
1432 1231 1545 1279 pon.
1578 1224 1823 1280 punctum.
1887 1232 1935 1281 p.
1967 1222 2041 1270 39.
2075 1238 2121 1271 v.
2160 1226 2232 1271 19.
2268 1224 2350 1271 di-

245 1300 426 1358 stingu.
461 1294 698 1349 directi-5.
733 1302 827 1356 Qui
860 1324 916 1332 -
947 1300 1278 1356 nuncupatur
1291 1310 1307 1341 .-
1348 1300 1501 1345 hunc.
1582 1308 1631 1357 Ρ.
1666 1299 1741 1343 44.
1774 1312 1820 1345 v.
1856 1298 1927 1345 17.
1962 1311 2049 1358 pro
2081 1302 2275 1347 Moesia
2302 1300 2346 1348 1.

245 1378 485 1426 luceiae.
546 1387 597 1436 p.
629 1374 705 1423 ‘18.
747 1390 795 1422 v.
824 1376 871 1422 3.
902 1386 993 1436 pro
1021 1378 1327 1421 vastandam
1358 1372 1393 1419 1.
1431 1376 1757 1426 vastandum,
1818 1386 1867 1435 Ρ.
1915 1375 2015 1423 112.
2058 1391 2102 1424 v.
2136 1379 2211 1424 21.
2252 1390 2344 1438 pro

247 1465 398 1511 quam
427 1453 460 1501 l.
494 1464 641 1511 quas.
695 1464 750 1512 Ρ.
791 1452 896 1502 135.
929 1467 975 1498 v,
1011 1453 1082 1498 19.
1115 1453 1229 1511 post
1257 1452 1597 1497 Aurelianum
1629 1449 1723 1497 dol.
1743 1462 1942 1498 comma.
2003 1464 2051 1513 p.
2088 1450 2189 1501 157.
2223 1469 2271 1501 v.
2291 1454 2343 1500 2.

245 1542 334 1591 pro
373 1533 646 1581 Asturiam
686 1529 724 1579 1.
757 1534 1076 1581 Asturicum.
1147 1541 1196 1589 p.
1239 1528 1343 1574 162.
1387 1540 1431 1574 v.
1463 1528 1511 1573 8.
1554 1538 1644 1586 pro
1678 1530 1799 1573 ortu
1844 1516 1883 1577 '1.
1916 1534 2091 1587 portu.
2164 1544 2213 1593 p.
2250 1530 2349 1577 203

243 1622 292 1656 v.
323 1608 368 1655 3.
401 1620 490 1669 pro
521 1611 586 1655 ab
615 1612 714 1653 Ιιοο
742 1606 775 1655 1.
809 1611 870 1653 ab
901 1610 1018 1655 hac.

891 1751 944 1820 2)
997 1750 1081 1805 In
1139 1750 1685 1807 annotatione.

358 1890 416 1939 P.
445 1891 491 1939 8.
523 1906 569 1938 v,
599 1890 676 1937 20.
715 1902 802 1950 pro
836 1900 932 1946 quo
964 1886 996 1935 1.
1031 1900 1148 1945 qua.
1217 1900 1264 1948 p.
1301 1890 1374 1936 16.
1408 1903 1454 1934 v.
1486 1888 1562 1935 33.
1604 1901 1691 1951 pro
1736 1891 1993 1937 latuiseue
2028 1889 2061 1935 1.
2094 1891 2336 1942 latuisse.

238 1981 285 2027 Ρ.
317 1967 393 2016 23.
424 1982 471 2015 v.
503 1968 547 2015 6.
577 1978 667 2027 pro
699 1970 749 2013 et
780 1968 904 2013 Pall.
937 1976 1053 2013 cum
1083 1969 1257 2012 Ambr.
1289 1965 1321 2012 1.
1356 1970 1409 2012 et
1436 1967 1565 2015 Pall.
1600 1980 1714 2013 cum
1747 1970 1843 2025 My.
1877 1972 1995 2017 Par.
2038 1966 2153 2014 ibid.
2186 1981 2232 2015 v,
2260 1968 2331 2015 18.
2408 2020 2413 2023 ,

238 2057 324 2104 pro
357 2047 491 2101 quod
521 2043 556 2092 1.
589 2056 732 2101 quae.
787 2055 832 2104 p.
855 2044 936 2089 28.
970 2057 1015 2090 ν.
1052 2043 1121 2089 18.
1155 2054 1241 2101 pro
1265 2046 1383 2097 jam
1414 2046 1550 2100 quod
1578 2043 1614 2091 1.
1649 2047 1784 2101 quod
1805 2049 1935 2099 jam.
1996 2058 2044 2105 Ρ.
2071 2044 2149 2093 31.
2184 2060 2230 2092 v.
2259 2044 2331 2091 13.

236 2133 324 2181 pro
357 2134 479 2167 nam
507 2124 611 2167 tam
641 2121 673 2167 1.
709 2134 816 2167 non
847 2125 966 2169 tam.
1023 2132 1070 2180 Ρ.
1104 2119 1178 2165 37.
1212 2133 1258 2166 V.
1292 2120 1339 2165 7.
1370 2132 1461 2180 pro
1494 2124 1607 2171 edd.
1642 2124 1791 2179 atque
1828 2121 1858 2167 1.
1892 2123 2007 2170 edd.
2039 2134 2125 2179 pr.
2160 2125 2329 2179 atque.

234 2212 282 2257 Ρ.
315 2198 388 2243 39.
421 2212 467 2245 v.
502 2198 572 2245 13.
606 2210 692 2256 pro
725 2211 836 2243 eam
867 2196 899 2243 1.
933 2200 1006 2246 id.
1038 2210 1086 2256 Ρ.
1118 2196 1194 2243 41.
1227 2210 1271 2243 v.
1309 2196 1380 2243 10.
1414 2209 1501 2256 pro
1535 2198 1591 2253 ll,
1626 2195 1684 2247 ll.
1717 2196 1748 2244 l.
1783 2198 1841 2248 ll.
1874 2200 1933 2248 ll.
1983 2185 2032 2257 Ρ.
2056 2199 2129 2245 69.
2170 2213 2215 2245 v.
2254 2200 2329 2245 11.

232 2287 322 2336 pro
362 2277 776 2321 Valaeravantem'
806 2274 838 2321 1.
882 2276 1284 2325 Valaravantem.
1348 2288 1394 2337 p.
1428 2276 1499 2322 60.
1534 2290 1581 2322 ν.
1614 2276 1657 2323 3.
1689 2289 1779 2336 pro
1814 2277 2140 2332 Theudemer,
2185 2277 2329 2321 Vala-

233 2357 338 2417 qnir
375 2352 409 2401 1.
453 2354 754 2399 Thiudemer
796 2354 846 2397 et
891 2352 1131 2417 Valamir.
1193 2364 1242 2413 Ρ.
1275 2354 1350 2399 61.
1384 2366 1429 2399 v.
1462 2352 1535 2399 21.
1578 2364 1665 2413 pro
1698 2365 1803 2399 non
1836 2355 1951 2402 edd.
1990 2352 2021 2401 1.
2055 2364 2174 2398 nam
2207 2356 2327 2403 edd.

231 2443 282 2491 p.
323 2417 395 2477 6'5.
437 2444 482 2476 v.
527 2431 572 2476 1.
615 2440 702 2491 pro
741 2440 993 2486 corporeo
1033 2426 1066 2475 1,
1111 2441 1385 2486 corporeo.
1446 2443 1496 2489 Ρ.
1529 2428 1601 2475 66.
1634 2443 1679 2475 v.
1711 2429 1788 2477 21.
1830 2443 1919 2491 pro
1960 2443 1996 2476 n
2025 2432 2247 2487 reliqui-5
2286 2429 2324 2476 1.

231 2510 288 2551 iu
317 2508 558 2563 reliquie.
618 2518 666 2565 Ρ.
699 2505 776 2553 90.
810 2519 856 2551 v.
889 2504 965 2551 24.
997 2518 1087 2565 pro
1118 2519 1184 2553 no
1212 2508 1429 2563 confero
1459 2506 1493 2555 1.
1527 2518 1607 2551 me
1640 2508 1865 2563 confero.
1916 2520 1965 2567 Ρ.
1988 2509 2063 2554 91.
2088 2520 2131 2554 v.
2154 2510 2200 2554 4.
2234 2519 2323 2567 pro

230 2585 381 2628 Eruli
409 2586 662 2629 nominati
691 2582 724 2629 1.
758 2584 940 2629 Heruli
971 2587 1240 2634 nominati.
1280 2597 1329 2643 Ρ.
1352 2584 1455 2631 105.
1488 2598 1535 2629 V.
1565 2584 1611 2631 8.
1642 2595 1731 2643 pro
1762 2589 1819 2631 in
1850 2588 1983 2631 duos
2012 2582 2045 2630 l.
2078 2588 2137 2629 in
2168 2587 2322 2634 duas.

231 2672 281 2719 Ρ.
316 2659 418 2707 108.
450 2674 498 2709 ν.
531 2660 580 2707 3.
605 2672 694 2721 pro
727 2663 828 2709 hic.
873 2662 894 2705 t
923 2663 1037 2706 sine
1065 2659 1100 2708 1.
1136 2664 1220 2707 hic
1252 2664 1274 2707 t
1302 2665 1433 2710 une.
1476 2710 1485 2720 ,
1514 2674 1563 2723 Ρ.
1598 2660 1700 2706 132.
1733 2676 1776 2709 v.
1808 2662 1887 2711 28.
1918 2673 2005 2722 pro
2039 2672 2195 2706 casm-5
2224 2663 2319 2720 est,

229 2739 324 2781 sed
352 2735 386 2782 1.
421 2748 578 2783 casae
609 2740 714 2794 ent,
749 2742 1010 2794 invasum,
1043 2742 1154 2787 sed.
1218 2751 1287 2797 p„
1303 2738 1405 2784 138.
1436 2752 1481 2784 v,
1517 2738 1592 2787 18.
1626 2749 1711 2798 pro
1743 2742 1976 2785 videmus
2006 2741 2078 2787 vl.
2109 2737 2141 2785 l.
2176 2741 2321 2783 vide-

227 2825 346 2857 mus
377 2814 459 2875 vel
500 2826 542 2859 e.
605 2827 655 2876 p.
687 2816 788 2861 139.
822 2829 867 2861 v.
899 2816 942 2863 5.
975 2827 1063 2875 pro
1099 2818 1351 2861 constatis
1381 2814 1414 2862 1.
1452 2818 1771 2865 consi-statis.
1834 2829 1882 2875 Ρ.
1918 2817 2019 2861 141.
2066 2813 2099 2861 l.
2142 2816 2186 2859 4.
2227 2825 2316 2873 pro

226 2891 499 2946 utrumque
528 2889 562 2936 1.
603 2894 890 2949 utramque.
971 2902 1019 2950 p.
1055 2894 1154 2939 159.
1188 2908 1230 2940 v.
1256 2893 1307 2946 ,8.
1342 2903 1429 2952 pro
1462 2904 1611 2938 amen
1650 2890 1683 2939 l.
1720 2894 1906 2942 tamen.
1968 2904 2015 2950 Ρ.
2051 2891 2158 2937 169.
2190 2904 2234 2937 v.
2266 2891 2315 2935 5.

227 2976 316 3024 pro
371 2978 403 3011 a
449 2966 708 3021 fratribus
753 2967 788 3015 l.
833 2981 931 3027 pro
970 2968 1246 3023 frat-ribus.
1304 2983 1354 3030 Ρ.
1400 2966 1502 3016 172.
1572 2982 1603 3013 v
1643 2969 1687 3014 8.
1742 2972 1855 3029 post
1905 2970 2141 3014 aestimet
2198 2978 2309 3028 pon.

227 3044 478 3101 punctum.
542 3055 590 3103 Ρ.
637 3044 742 3091 180.
779 3059 824 3091 v,
869 3046 941 3092 10.
986 3055 1074 3104 pro
1111 3047 1462 3091 Theodemeris
1499 3044 1533 3093 l.
1572 3048 1932 3091 modemiris.
