2567 4084
1167 162 1301 231 105.

197 344 342 410 thos
385 344 688 429 impetere
731 347 1014 425 tentant,
1070 360 1309 426 eosque
1352 339 1663 405 Thraciae
1718 330 1954 406 finibhs
1994 338 2261 426 pellunt.

199 441 329 507 Sed
356 442 722 508 Theodosio
765 442 1052 529 principe
1093 460 1299 525 paene
1340 445 1491 503 tunc
1520 457 1721 525 usque
1756 439 1839 506 ad
1867 438 2274 525 desperatio-.
2316 519 2321 525 Ι

197 560 342 607 nem
383 547 750 624 aegrotante
795 543 981 607 datur
1021 541 1248 605 iterum
1294 537 1524 603 Gothis
1566 537 1835 602 audacia
1857 585 1875 620 ,
1924 537 2263 622 divisoque

197 640 480 705 exercitu
521 624 920 725 Fritigernus
957 639 1042 704 ad
1085 638 1484 703 Thessaliam
1526 637 1987 723 praedandam,
2030 635 2262 720 Epiros

189 728 261 811 [et
286 739 597 803 Achaiam
642 740 964 824 digressus
1007 744 1123 820 est,
1168 736 1483 800 Alatheus
1527 756 1681 801 vero
1720 742 1783 801 et
1812 734 2078 801 Safrach
2120 753 2265 800 cum

193 838 465 904 residuis
509 838 710 923 copiis
739 836 1135 903 Pannoniam
1176 835 1516 919 petierunt.
1569 836 1795 920 «Quod
1850 854 2047 921 quum
2094 831 2262 897 Gra-
2310 854 2317 861 ·

195 937 406 1001 tianus
449 937 811 1022 imperator,
860 938 970 1024 qui
1009 942 1162 999 tunc
1187 936 1393 1000 Roma
1437 938 1501 1000 in
1548 935 1793 1001 Gallias
1826 934 1912 999 ob
1950 930 2263 997 incursio·
2316 1012 2329 1022 ,

195 1056 342 1101 nem
384 1035 826 1101 Vandalorum
868 1042 1233 1117 recesserat,
1279 1036 1721 1121 comperisset,
1766 1033 1917 1121 quia
1958 1030 2263 1095 Theodo-

195 1135 288 1199 sio
318 1134 495 1199 fatali
525 1134 964 1220 desperatione
1001 1134 1439 1200 succumbenti
1464 1134 1659 1200 Gothi
1688 1134 1890 1217 magis
1920 1132 2259 1214 saevirent,

191 1254 345 1299 mox
389 1233 473 1298 ad
515 1253 625 1299 eos
669 1232 934 1298 collecto
978 1234 1155 1297 venit
1198 1234 1503 1316 exercitu,
1546 1249 1665 1297 nec
1699 1236 1913 1297 tamen
1954 1232 2152 1297 fretus
2193 1230 2263 1293 in

189 1332 384 1396 armis
406 1380 423 1414 ,
456 1332 600 1397 ·sed
656 1333 862 1416 gratia
921 1352 1030 1397 eos
1083 1334 1579 1417 muneribusque
1622 1331 1947 1416 victuruS,
2012 1350 2260 1417 pacem,

188 1430 493 1495 victualia
533 1430 660 1495 illis
707 1432 1082 1516 concedenS,
1129 1452 1274 1497 cum
1318 1433 1474 1518 ipsis
1517 1431 1675 1496 inito
1722 1428 1976 1496 foedere
2018 1430 2184 1495 fecit.

186 1662 338 1713 Haec
368 1664 528 1713 lectio
559 1670 798 1729 suspecta
831 1671 910 1715 est
930 1664 1086 1727 mihi3
1122 1666 1230 1730 Mg.
1244 1665 1363 1714 Par.
1386 1671 1623 1715 renovato
1656 1665 1809 1728 sistit,
1846 1678 1983 1729 quae
2016 1664 2173 1714 lectio
2206 1668 2261 1715 et

185 1746 304 1810 ipsa
338 1762 633 1813 quanquam
666 1764 771 1798 non
805 1752 885 1799 est
917 1750 1096 1813 proba,
1131 1754 1306 1814 potest
1337 1756 1513 1798 tamen
1544 1747 1613 1798 ad
1644 1763 1821 1798 veram
1856 1746 2045 1797 ducere
2078 1761 2260 1797 eruen-
2290 1754 2296 1762 '

187 1827 326 1877 dam.
385 1829 608 1880 Videtur
642 1836 819 1881 autem
854 1847 920 1883 ea
949 1846 1063 1882 esse
1095 1836 1415 1883 rmunciato:
1451 1832 1538 1881 cui
1571 1833 1898 1881 coniecturae
1928 1832 2072 1880 favet
2103 1830 2261 1881 lectio

187 1912 436 1962 Roderici
462 1918 689 1977 principe
719 1918 920 1964 meliore
952 1921 1212 1978 comperto,
1248 1916 1407 1965 verbo
1424 1950 1441 1976 ‚
1476 1920 1537 1963 ut
1568 1915 1717 1978 solet,
1751 1914 1911 1963 verbo
1946 1912 2225 1963 substituto
2242 1930 2259 1963 z

183 1994 298 2043 sive
331 1996 533 2045 invenit
565 1997 656 2046 ille
689 1998 746 2047 in
778 1998 912 2048 libro
945 2014 1040 2067 suo
1071 2000 1307 2047 'tundalo
1320 2035 1334 2061 ,
1378 1997 1567 2047 hausta
1597 1998 1765 2059 prima
1796 1998 1944 2047 verbi
1976 1998 2261 2045 renunciate

183 2077 392 2140 syllaba
425 2094 458 2126 a
489 2084 748 2142 postrema
780 2081 1024 2130 vocabuli
1057 2080 1416 2145 praecedentis
1459 2081 1569 2130 sive
1603 2094 1873 2143 perperam
1906 2080 2046 2144 cepit
2079 2078 2259 2128 dictio-

181 2174 306 2208 nem
334 2164 619 2223 principem
647 2167 946 2220 emundare·
997 2192 1058 2202 -—
1109 2163 1314 2227 Epiro-³)
1358 2163 1543 2212 Ambr.
1577 2163 1766 2225 Epiron
1781 2197 1797 2222 ,
1848 2161 1992 2226 Epit.
2028 2164 2257 2227 Epirum,

179 2242 278 2293 sed
309 2244 526 2309 vulgata
566 2248 707 2293 recte
750 2244 924 2295 habet.
993 2245 1230 2311 Namque
1263 2248 1338 2295 'in
1388 2246 1519 2297 duos
1570 2246 1739 2297 divisa
1788 2250 1901 2294 erat
1942 2245 2037 2295 illa
2087 2248 2260 2295 aetate

178 2325 375 2389 Epirus
390 2333 580 2391 partes,
617 2332 844 2377 veterem
865 2334 917 2377 et
937 2341 1154 2389 novam3
1193 2344 1295 2392 qua
1317 2328 1381 2378 de
1404 2344 1462 2379 re
1482 2328 1677 2379 videsis
1698 2327 1864 2379 Scriv.
1892 2331 1943 2377 et
1964 2325 2257 2379 Schwebel.

179 2408 254 2458 ad
285 2408 470 2473 Veget.
505 2410 569 2459 R.
603 2410 674 2459 M.
712 2410 778 2475 V,
816 2413 862 2459 1.
901 2417 953 2459 et
985 2410 1236 2475 Bccking.
1271 2410 1341 2459 ad
1373 2411 1537 2461 Notit.
1575 2411 1773 2461 Orient.
1807 2410 1939 2473 Imp.
1974 2425 2027 2474 p.
2051 2410 2166 2461 152.
2188 2436 2258 2447 -

181 2491 246 2539 οό
295 2495 621 2541 incursionem
660 2490 1028 2558 Vandalus-um)
1066 2492 1326 2542 *Erratum
1356 2492 1567 2543 videtur
1598 2495 1656 2541 in
1688 2492 1788 2542 hoc
1820 2492 2030 2542 nomine
2063 2497 2156 2540 aut
2187 2492 2255 2542 ab

175 2573 404 2623 Iordane
437 2576 551 2638 ipso
585 2579 676 2625 aut
709 2590 742 2624 a
773 2575 1016 2625 librariis.
1069 2576 1346 2624 Alemanni
1380 2578 1517 2625 enim
1550 2574 1867 2625 invadebant
1899 2574 1991 2623 illo
2025 2578 2259 2637 tempore

179 2655 401 2720 Gallias,
436 2672 542 2717 non
565 2656 808 2720 Vandali,
845 2658 952 2721 qui,
987 2663 1048 2707 ut
1071 2673 1136 2707 ex
1159 2674 1200 2706 c.
1229 2660 1311 2706 22.
1343 2662 1577 2722 apparet,
1612 2657 1669 2705 in
1690 2656 1964 2705 Pannonia
1984 2661 2111 2705 tunc
2132 2670 2255 2721 age-

176 2740 327 2789 bant.
384 2739 636 2791 Auctores
669 2746 790 2791 sunt
812 2740 1050 2792 Socrates
1083 2740 1178 2805 1v,
1215 2743 1262 2790 6.
1299 2734 1610 2811 Γρατιανός
1646 2732 1823 2795 εὐθύς
1858 2737 1998 2805 (post
2019 2740 2257 2791 Theodo-

173 2823 317 2872 sium
351 2821 596 2888 electum)
635 2819 726 2873 ἐπὶ
759 2818 859 2879 τοὶς
892 2821 1131 2879 Γαλλίας
1165 2818 1365 2896 ἔχω’ρει
1398 2817 1749 2889 Ἀλαμαννῶν
1782 2818 2127 2888 κατεχόντων
2159 2818 2257 2889 τήν

175 2902 294 2955 ἐκεῖ
325 2899 550 2975 χώραν,
601 2906 1018 2971 Sozomenusque
1050 2906 1180 2972 VII,
1233 2909 1281 2957 2.
1336 2910 1428 2972 qui
1459 2914 1659 2973 narrat,
1714 2908 2018 2960 Gratianum
2049 2908 2257 2972 imperii

173 2996 470 3039 consortem
515 2990 702 3039 fecisse
753 2989 1104 3040 Theodosium
1151 2995 1481 3056 reputantem
1500 3030 1513 3057 ,
1583 2992 1819 3043 barbaris
1864 2990 2073 3055 quidem
2118 2993 2257 3041 circa

170 3071 372 3121 Istrum
415 3072 472 3120 in
511 3071 726 3141 Illyrico
759 3072 1086 3137 Thraciaque
1135 3076 1481 3125 resistendum
1530 3090 1643 3126 esse
1660 3112 1675 3139 ‚
1731 3066 2031 3142 ἀναγκαῖον
2066 3071 2128 3124 δὲ
2162 3074 2255 3123 καὶ

166 3158 292 3210 τοῖς
346 3148 492 3224 πρός
542 3152 784 3227 ἑσπέραν
828 3147 1157 3225 ἀρχομένοις
1197 3146 1478 3228 παρέῖναι“
1506 3158 1597 3207 καὶ
1628 3152 1869 3221 μάλιστα
1902 3150 2255 3223 Ἁλαμαννοῖν

167 3230 279 3293 τοῖς
333 3231 549 3288 ἐνθάδε
599 3231 858 3293 Γαλάτας
903 3234 1371 3310 κακουργούντων.
1449 3240 1527 3291 Cf.
1581 3242 1761 3291 eadem
1806 3240 1873 3291 de
1921 3255 1979 3291 re
2032 3239 2255 3289 eundem

168 3320 302 3370 libri
336 3320 371 3369 l.
409 3336 454 3371 c.
489 3322 539 3369 4.
593 3348 660 3359 —-
710 3320 992 3387 recesserat)
1041 3321 1216 3372 Ambr.
1251 3322 1385 3372 Rod.
1421 3323 1548 3374 Exc.
1593 3323 1737 3395 Epit.
1780 3326 2034 3372 secesserat
2050 3358 2065 3383 ‚
2114 3320 2254 3385 quod

167 3418 286 3453 non
319 3404 502 3468 probo.
594 3404 729 3455 Nam
763 3419 921 3468 quum
953 3406 1010 3455 in
1033 3404 1218 3455 Galliis
1251 3405 1557 3470 plerumque
1590 3406 1766 3456 sedem
1796 3406 2014 3455 haberet
2048 3403 2253 3455 Gratia-

158 3501 270 3536 nus
285 3522 300 3549 ,
356 3486 423 3535 de
457 3502 520 3537 eo
553 3486 722 3537 Roma
751 3487 810 3537 in
845 3486 1042 3537 Gallies
1071 3501 1307 3551 regresso
1337 3491 1553 3539 recedere
1581 3490 1796 3539 verbum
1828 3489 2005 3552 aptius
2034 3503 2253 3553 usurpa-

161 3574 256 3619 tur
293 3584 454 3633 quam
486 3573 714 3623 secedere.
750 3600 811 3611 --
853 3586 1046 3635 pacem,
1079 3573 1529 3636 victualia—fecit)
1570 3570 1659 3621 Sic
1688 3571 1820 3623 Pall.
1854 3571 1956 3621 nisi
1989 3570 2130 3635 quod
2154 3586 2251 3635 pa-

161 3668 368 3717 cemque
391 3655 710 3720 praeferunt,
745 3654 840 3705 sed
872 3671 924 3705 v.
955 3668 1221 3717 pacemque
1241 3659 1291 3703 et
1310 3658 1551 3704 vidualia
1570 3657 1673 3703 illis
1692 3655 1982 3704 concedens:
2016 3670 2172 3721 quam
2202 3657 2250 3707 si
