2567 4084
1201 146 1287 211 89

0 298 2 393 Ι
199 354 474 401 suorum
533 349 730 399 manu
771 306 1226 396 infortunatam
1265 328 1543 417 patriam
1583 324 2013 410 relinquentes
2030 370 2049 404 ‚
2105 322 2281 387 Pan-

0 450 1 453 ’
197 433 470 499 neniam
513 430 638 497 sibi
681 450 722 496 a
765 428 1185 499 Constantino
1227 426 1521 513 principe
1561 424 1803 511 petiere
1820 471 1839 507 ‚
1896 422 2117 508 ibique
2162 427 2282 507 per

205 532 548 615 sexaginta
589 548 790 595 annos
825 528 974 615 plus
1008 528 1218 593 minus
1257 526 1520 593 sedibus
1562 523 1785 590 locatis
1826 524 2281 609 imperatorum

205 630 486 696 decretis
527 634 600 694 ut
635 628 884 705 incolae
911 626 1317 693 famularunt.
1402 624 1592 691 Unde
1622 622 1813 689 etiam
1840 625 1989 707 post
2014 618 2279 703 longum

205 728 294 795 ab
343 727 670 811 Stilicone‚
711 726 1018 811 magistro
1060 724 1334 791 militum
1378 729 1441 789 et
1484 722 1827 789 exconsule
1871 739 1948 786 ac
1986 717 2277 806 patricio,

205 826 487 909 invitati,
531 824 776 891 Gallias
820 843 1218 910 occupavere
1235 873 1254 908 ,
1314 823 1429 890 ubi
1468 822 1773 888 finitimos
1816 817 2282 906 depraedantes

203 946 342 991 non
383 926 546 992 adeo
588 925 752 991 fixas
795 923 978 989 sedes
1019 921 1322 988 habuere

378 1039 634 1105 XXIII.
719 1040 884 1105 Nam
929 1037 1292 1104 Gothorum
1345 1058 1497 1122 rege
1540 1036 1859 1103 Geberich
1915 977 2107 1102 rebus
2156 1052 2281 1100 ex-

207 1138 476 1207 cedente
533 1138 828 1205 humanis
885 1142 1034 1225 post
1087 1136 1393 1224 temporis
1450 1137 1714 1227 aliquod
1760 1134 2275 1217 HermanaricuS,

202 1236 648 1305 nobilissimus
690 1236 1089 1321 Amalorum‚
1132 1237 1202 1301 in
1252 1256 1451 1322 regno
1495 1236 1799 1302 successit
1815 1284 1833 1319 ‚
1890 1234 2000 1321 qui
2043 1233 2283 1300 multas

206 1341 274 1401 et
315 1334 831 1403 bellicosissimas
874 1341 1122 1403 arctoas
1162 1341 1385 1421 gentes
1429 1324 1813 1421 perdomuit,
1858 1334 2116 1420 suisque
2155 1330 2279 1420 pa-

204 1455 346 1501 rere
407 1434 660 1521 legibus
723 1436 889 1502 fecit.
996 1436 1204 1521 Quem
1271 1436 1493 1502 merito
1558 1433 1849 1500 nonnulli
1905 1434 2277 1501 Alexandro

202 1536 448 1621 Magno
504 1554 955 1622 comparavere
1010 1536 1307 1602 maioresc
1389 1533 1693 1601 Habebat
1742 1533 2061 1621 siquidem
2115 1553 2280 1620 quos

201 1636 573 1722 domuerat,
616 1636 898 1713 Gothos,
945 1634 1220 1720 Scythas
1239 1682 1258 1718 ‚
1301 1632 1593 1701 Thuidos
1635 1632 1705 1699 in
1743 1633 1999 1699 Aunxis
2016 1682 2035 1717 ‚
2078 1632 2277 1700 Vasi-

330 1902 426 1950 μεν
468 1890 725 1949 seaeaqinta
769 1883 951 1951 annos)
994 1883 1086 1937 sio
1127 1884 1261 1935 Pau.
1306 1884 1483 1935 Ambr.
1529 1884 1733 1935 Menae.
1773 1882 1907 1933 Rod.
1941 1882 2073 1936 Exc.
2107 1881 2275 1947 Sigib.

201 1968 474 2022 Gemblac.
513 1970 658 2035 Epit.
689 1970 842 2020 Bonf.
887 1984 1006 2019 eum
1037 1968 1120 2018 ed.
1153 1968 1274 2017 Par.
1341 1967 1570 2019 Numero
1617 1966 1962 2031 quadraginta
2005 1979 2276 2029 annorum,

197 2058 333 2117 quot
363 2052 526 2117 vulgo
557 2053 819 2117 leguntur,
853 2052 941 2101 vel
973 2052 1090 2115 ipsa
1118 2051 1368 2116 temporis
1399 2050 1533 2101 ratio
1556 2054 1826 2115 repugnat.
1852 2074 1915 2085 —
1934 2049 2277 2113 famiam-unt)

195 2136 380 2186 Ambr.
421 2136 821 2198 famulabantur.
869 2162 938 2173 --
993 2138 1229 2198 mayistro
1269 2132 1517 2199 militum)
1562 2133 1714 2185 Bonf.
1758 2136 1995 2196 mistro
2040 2136 2276 2197 equitum,

197 2232 338 2282 quae
368 2217 528 2269 lectio
561 2233 668 2268 non
700 2218 988 2282 probanda.
1055 2219 1180 2270 Fuit
1211 2219 1351 2269 enim
1382 2234 1491 2268 non
1524 2220 1741 2281 equitum
1774 2216 1971 2279 solum,
2016 2214 2110 2266 sed
2134 2213 2278 2277 pede·-

195 2306 308 2350 tum
343 2301 503 2351 etiam
535 2300 780 2365 magister
813 2298 998 2351 stilico
1031 2315 1143 2365 seu,
1179 2300 1319 2365 quod
1339 2300 1521 2351 eodem
1552 2300 1701 2364 redit,
1738 2300 1984 2365 magister
2008 2298 2275 2361 utriusque

195 2384 449 2445 militiae,
482 2387 544 2432 111
577 2382 764 2433 docent
797 2384 885 2433 vel
916 2383 1305 2447 Inscriptiones.
1371 2382 1469 2434 Est
1500 2388 1677 2434 autem
1713 2382 1870 2447 idem,
1905 2382 1999 2447 qui
2028 2370 2277 2447 magister

194 2467 474 2531 utriusque
505 2466 742 2531 militiae,
777 2470 1012 2529 maaian·
1040 2469 1279 2517 militum.

335 2566 700 2631 Gap.XX111.
775 2568 908 2617 Nam
955 2566 1224 2616 Gothorum
1268 2562 1397 2630 reye)
1444 2564 1761 2614 Particulam
1804 2578 1927 2614 nam
1978 2564 2197 2615 eiectam
2240 2578 2276 2613 a

198 2650 466 2700 Vulcanio
513 2664 542 2699 e
576 2640 727 2699 textu
756 2650 984 2714 indeque
1015 2654 1222 2714 praeter
1256 2647 1460 2699 Gruter.
1494 2650 1553 2699 in
1587 2650 1825 2699 omnibus
1859 2647 1976 2699 edd.
2014 2648 2273 2711 omissam,

191 2734 381 2784 reduxi
415 2748 481 2783 ex
515 2732 630 2784 edd.
665 2748 745 2798 pr.
791 2760 853 2770 —
905 2732 1180 2797 excedente)
1225 2731 1311 2781 Ita
1352 2731 1457 2781 iam
1490 2732 1833 2797 Peutingerus
1874 2745 1969 2797 pro
2014 2730 2273 2794 excidente,

195 2816 337 2881 quod
368 2818 426 2866 in
461 2816 640 2867 codice
685 2817 798 2867 eius
832 2816 1132 2881 legebatur,
1175 2814 1413 2865 coniecit.
1446 2840 1515 2851 --
1560 2811 1971 2879 Hermanarictoe)
2018 2812 2109 2865 Sic
2139 2812 2273 2875 Rod-

193 2899 339 2965 Epit.
368 2905 422 2949 et
443 2900 595 2949 Bonf.
623 2915 741 2949 cum
763 2899 846 2950 ed.
871 2898 1018 2951 Grut.
1045 2896 1266 2948 eandem
1285 2898 1581 2963 lectionem,
1606 2898 1719 2949 sine
1742 2897 2060 2963 aspiratione
2080 2902 2273 2961 tamen,

193 2981 388 3033 sistunt
420 2982 680 3045 plurimae
709 2981 835 3033 inde
867 2998 902 3031 a
933 2982 1168 3046 principe
1201 2980 1321 3031 edd.
1370 2980 1451 3032 ed.
1486 2981 1726 3035 Rhenan.
1759 2986 1937 3033 tamen
1966 2982 2277 3031 numnam-

193 3078 280 3112 σιω
313 3062 559 3127 praefert,
595 3076 730 3128 quae
761 3064 919 3114 leet-io
950 3064 1008 3113 in
1042 3064 1157 3115 edd.
1181 3064 1471 3118 Leunclav.
1504 3069 1559 3115 et
1587 3063 1707 3115 Par.
1732 3064 1957 3129 repetita
1989 3064 2274 3127 invenitur,

194 3144 484 3195 Lindenbr.
515 3146 870 3196 Hermam-seua
884 3164 902 3195 .·
942 3147 1000 3196 in
1031 3132 1159 3197 Ex'c.
1203 3146 1431 3211 denique
1463 3150 1809 3197 Hermenriw
1852 3153 1955 3211 est,
2004 3161 2160 3212 quam
2204 3144 2275 3196 ad

192 3226 477 3277 lectionem
507 3228 743 3293 proxime
775 3228 978 3279 accedit
1005 3230 1351 3280 Euam-ictum
1383 3230 1645 3279 Ammiani
1676 3230 1871 3294 XXXI,
1906 3232 1956 3294 3,
1993 3232 2040 3279 1.
2076 3232 2275 3278 Hermi·
2344 3255 2355 3263 —

193 3312 421 3359 amelius
451 3310 748 3363 Marcellini
782 3311 924 3363 Gom.
959 3311 1030 3363 ad
1050 3328 1099 3362 a.
1123 3314 1240 3365 465.
1275 3317 1743 3379 Hemina-ictuque
1766 3311 2059 3365 cassiodori
2082 3311 2273 3363 Chron.

195 3390 420 3443 eundem
453 3392 522 3443 ad
553 3393 768 3448 annum.
813 3422 880 3435 -
935 3402 1131 3446 aretoas
1164 3395 1347 3462 qentea)
1381 3396 1533 3449 Haec
1560 3398 1719 3449 lectio
1749 3396 2065 3448 Vulcanium
2094 3400 2273 3446 aucto-

191 3488 305 3524 rem
346 3474 538 3526 habetz
579 3477 778 3541 priores
811 3477 930 3529 edd.
963 3494 1082 3529 eum
1113 3479 1242 3529 Exe-
1277 3484 1332 3529 et
1362 3480 1508 3545 Epit.
1550 3482 1723 3531 Arctoi
1751 3486 1914 3543 ,centes
1956 3480 2287 3545 praeferunt„

195 3555 304 3623 Mg.
340 3572 466 3609 vero
498 3558 617 3612 Par.
649 3561 862 3611 Arctoae
893 3563 1122 3611 undecim
1153 3568 1332 3625 qentes.
1380 3589 1449 3601 -
1496 3561 1963 3629 Gothos—Uolane)
2008 3564 2159 3614 Haec
2192 3567 2273 3615 est

195 3638 320 3691 inde
353 3640 422 3691 ab
459 3640 543 3695 ed.
576 3656 655 3708 pr.
688 3644 845 3695 lectio
875 3644 1124 3712 vulgata,
1158 3660 1315 3711 quam
1346 3646 1670 3697 retinendam
1702 3646 1851 3712 duxi,
1892 3646 2135 3710 quoniam
2165 3648 2272 3698 lec-
