2567 4084
1287 166 1363 229 16

295 346 590 412 carnibus
645 346 920 412 ferarum
983 354 1174 433 atque
1234 348 1377 415 ovis
1434 347 1647 413 avium
1706 346 1969 428 vivunt3
2026 342 2141 409 ubi
2184 347 2364 409 tanta

289 514 564 579 legendum
596 513 878 576 videretur,
913 519 972 565 ut
1007 512 1184 565 Grotio
1219 514 1425 579 Proleg.
1460 529 1513 579 p.
1549 515 1585 563 4
1618 519 1673 563 et
1704 511 2091 577 Lindenbrogio
2134 509 2205 561 ad
2236 510 2287 561 h.
2322 510 2363 563 l.

289 598 386 649 Est
417 598 626 663 quidem
647 596 1064 659 Sericosmnorum
1096 598 1291 648 mentio
1325 597 1468 663 apud
1500 596 1806 661 Procopium
1836 595 1897 645 B.
1935 593 1997 648 G.
2032 594 2105 658 11,
2124 595 2173 644 5.
2230 593 2365 643 Pau-

287 682 394 731 lum
422 680 572 733 Diae.
603 679 674 728 Η.
699 679 762 727 L.
789 677 843 742 1,
870 680 916 729 5.
942 694 1145 729 necnon
1165 679 1421 729 Adamum
1444 680 1609 730 Brem.
1636 696 1690 743 p.
1713 681 1776 727 21
1804 677 1885 731 ed.
1922 678 2107 731 ElzeV.
2129 676 2365 741 nihilque

288 764 453 829 magis
481 764 539 812 in
559 767 765 827 promtu
799 776 952 825 quam
984 762 1207 825 credere,
1243 778 1272 811 e
1302 762 1702 825 scritefinnorum
1736 760 1943 809 nomine
1966 764 2230 823 corruptas
2252 772 2366 807 esse

285 848 412 897 istas
444 845 695 895 lectiones
727 846 936 908 omnes(
955 843 1048 894 sed
1070 841 1290 909 ἐπέχειν
1323 844 1473 894 iubet
1486 844 1785 894 Ravennae.
1831 842 2042 892 Etenim
2075 846 2292 906 quatuor
2314 840 2363 889 is

289 930 420 980 locis
451 928 496 992 Ι,
533 930 616 980 11.
651 928 746 991 IV,
791 930 872 981 12.
913 930 994 977 46.
1037 928 1104 991 V,
1125 930 1206 978 28.
1249 928 1521 993 distinguit
1558 928 1755 977 Finnos
1792 926 1851 975 in
1886 924 2226 988 Sdrdefevmos
2266 920 2365 989 (sie

289 1010 480 1076 legitur
509 1011 554 1077 I,
593 1014 672 1061 11.
710 1010 894 1059 ceteris
930 1024 1052 1059 vero
1087 1010 1214 1062 locis
1247 1010 1401 1061 modo
1422 1012 1701 1074 Sit-deferam·
1729 1009 1986 1072 dicuntur,
2022 1006 2173 1057 modo
2194 1006 2367 1055 Seu-de-

284 1092 447 1161 fenm')
490 1100 542 1143 et
579 1094 872 1154 Rerefennos
913 1089 1010 1157 (sic
1031 1092 1196 1143 tribus
1232 1092 1375 1161 locis,
1412 1093 1503 1145 sed
1525 1094 1774 1155 Rev-efreni
1802 1090 1901 1155 IV,
1929 1089 2035 1155 12.)
2069 1089 2207 1140 unde
2228 1086 2362 1137 Pall.

288 1178 413 1227 satis
435 1176 627 1225 firmari
649 1178 883 1227 existimo
907 1178 1198 1241 lectionem,
1234 1177 1387 1227 modo
1426 1178 1571 1242 legas
1593 1175 1810 1225 iunctim
1837 1174 2153 1238 Rerefennae‚
2190 1187 2365 1236 quam-

291 1276 443 1327 quam
477 1260 798 1310 Ravennatis
829 1260 1076 1310 lectiones
1117 1264 1382 1323 corruptas
1420 1259 1655 1310 iudicant
1697 1256 1906 1308 Grotius
1941 1256 1977 1309 Ι.
2004 1256 2047 1306 l.
2094 1254 2365 1305 Forsterus

291 1344 374 1393 in:
409 1344 684 1394 Geschichte
717 1344 804 1402 der
835 1343 1165 1405 Entdeclcuny.
1203 1346 1277 1391 im
1301 1342 1495 1392 Norden
1527 1356 1580 1405 p.
1607 1342 1689 1390 87.
1718 1345 1825 1390 not.
1854 1346 1907 1390 et
1928 1337 2171 1390 Zeussius
2192 1353 2243 1402 p.
2268 1338 2371 1387 685

291 1440 503 1491 quorum
547 1425 755 1491 quidem
799 1426 996 1489 primus
1049 1425 1207 1487 scribi
1253 1426 1403 1476 iubet
1438 1425 1762 1487 Seredfennos
1812 1428 1865 1473 et
1902 1423 2201 1483 Redefennos
2239 1421 2276 1471 i.
2316 1434 2366 1473 e.

289 1509 496 1560 Fennos
533 1510 644 1559 sive
679 1509 894 1571 Finnos,
932 1508 1023 1571 qui
1057 1524 1208 1559 cursu
1239 1517 1292 1559 et
1327 1510 1419 1573 qui
1449 1506 1625 1558 rhedis
1658 1507 1766 1557 sive
1788 1506 1951 1555 trahis
1973 1510 2205 1567 utantur,
2238 1503 2372 1552 alter

290 1607 430 1655 vero,
453 1593 764 1654 Renefinnm,
803 1590 925 1654 quia
956 1590 1186 1642 tal-andis
1209 1592 1463 1655 victitent,
1498 1590 1741 1640 Zeussius
1779 1590 2018 1653 denique,
2061 1587 2369 1650 Terefennm,

297 1674 595 1737 Trefmnos,
639 1674 771 1723 haec
819 1673 884 1723 de
924 1674 1160 1724 Iordanis
1199 1674 1623 1738 Ravennatisque
1656 1674 1783 1723 locis
1818 1674 1979 1721 verba
2013 1672 2239 1721 faciens:
2274 1670 2373 1719 Die

291 1764 472 1823 gentes
483 1760 750 1809 Refennae
775 1760 928 1808 c‘odd.
944 1760 1138 1808 Monac.
1153 1759 1323 1807 Ambr.
1350 1762 1415 1807 αι.
1442 1763 1623 1823 gentes
1646 1754 2033 1817 Screrofennae‚
2060 1758 2243 1820 gentes
2264 1757 2371 1803 tres

292 1838 578 1900 crefennae
617 1844 728 1891 sind
767 1846 890 1892 ohne
918 1844 1118 1904 Zweifel
1153 1842 1230 1891 die
1263 1840 1545 1891 Rerefenni
1585 1840 1713 1888 heim
1740 1841 2055 1902 Geoyraphus
2088 1838 2370 1899 Ravenna-s,

291 1925 452 1985 wofiir
472 1926 576 1973 sich
596 1928 671 1973 als
692 1928 894 1989 n‘chtiye
915 1926 1208 1987 Schreibuny
1232 1922 1527 1986 Terefenni,
1562 1922 1825 1985 Trefenni,
1861 1922 2070 1971 derselbe
2095 1922 2253 1971 Name
2275 1922 2373 1969 mit

292 2004 578 2057 Terfennas
613 2006 688 2056 bei
709 2008 886 2071 Alsred
927 2012 1073 2071 (alin.
1112 2006 1193 2057 tre
1223 2004 1414 2071 Baum)
1446 2008 1710 2068 verlanqen
1743 2005 1864 2055 llis-st
1893 2006 1997 2053 und
2034 2008 2108 2053 im
2136 2004 2257 2053 Text
2287 2004 2372 2052 dee

290 2090 560 2139 Iov-nanda
593 2095 774 2155 gentes
809 2092 1127 2153 Trefennae,
1163 2104 1253 2138 aus
1289 2090 1401 2137 dem
1433 2092 1614 2153 gent-es
1646 2097 1749 2139 tres
1786 2088 2072 2139 Crefennae
2104 2086 2372 2136 verder-ben

292 2188 358 2221 zu,
391 2176 496 2221 sein
538 2175 738 2225 scheint.
809 2174 906 2222 Die
927 2174 1266 2237 Str-ridefinnen
1305 2174 1419 2221 sind
1458 2174 1537 2221 die
1579 2172 1961 2234 Gebirqsfinnen,
1998 2172 2173 2233 sriiher
2207 2171 2373 2217 weita·

291 2258 364 2304 im
399 2258 754 2317 norweyischm
783 2258 1116 2317 Kastenlande
1145 2256 1422 2319 verbreitet,
1456 2256 1535 2303 die
1576 2256 1845 2317 Tei-sennen
1876 2255 1955 2302 die
1986 2254 2253 2302 Bewohmr
2283 2251 2373 2298 der

291 2340 537 2400 waldiyen
556 2340 660 2386 und
691 2342 1060 2388 wasserreichm
1083 2340 1419 2399 Niederunyen
1440 2342 1513 2387 im
1539 2342 1752 2389 Now-dost
1782 2338 1883 2387 und
1906 2352 1975 2385 an
2011 2336 2096 2385 der
2115 2336 2266 2383 Reate
2295 2333 2372 2381 bis

291 2438 358 2470 zu
389 2422 484 2469 den
504 2420 722 2483 Pes-men,
760 2422 888 2470 nach
927 2422 1098 2471 Others
1133 2423 1213 2472 des
1236 2422 1643 2483 Haloyalc'indem,
1675 2422 1757 2469 des
1778 2426 1933 2469 ersten
1954 2419 2225 2469 bekannten
2252 2416 2373 2465 Um-

291 2508 464 2567 seylers
488 2505 570 2553 des
592 2504 866 2569 Now-dham,
891 2505 1128 2555 Berichte.
1197 2504 1303 2555 Sed
1325 2504 1558 2569 speciosa
1582 2504 1707 2553 licet
1743 2502 1983 2553 videatur
2016 2500 2217 2551 Zeussii
2250 2512 2375 2548 con-

290 2588 504 2652 iectura,
523 2586 579 2636 in
601 2591 800 2637 textum
823 2592 997 2637 tamen
1021 2588 1291 2638 admittere
1316 2604 1431 2638 earn
1454 2585 1706 2649 dubitavi,
1730 2585 1785 2633 in
1808 2585 2031 2634 lectione
2048 2583 2368 2646 Rerefennae,

291 2669 493 2719 firmata
513 2671 703 2734 quippe
721 2685 785 2720 ea
802 2670 1034 2721 codicum
1055 2678 1107 2721 et
1123 2670 1443 2721 Ravennatis
1461 2670 1786 2731 auctoritate,
1805 2668 2154 2731 acquiescens.
2190 2665 2377 2729 Longe

291 2758 483 2817 tamen,
497 2758 558 2803 ut
567 2754 854 2819 integritati
873 2768 978 2803 suae
996 2755 1291 2803 restitutum
1311 2768 1421 2801 esse
1438 2751 1607 2801 locum
1618 2750 1920 2812 existimem,
1935 2749 2132 2799 absum.
2161 2748 2375 2797 Etenim

295 2837 482 2885 mirum
505 2848 648 2898 sane,
689 2836 1013 2899 Procopium,
1061 2835 1323 2886 hominem
1346 2834 1616 2898 Graecum,
1664 2836 1791 2885 satis
1829 2838 2139 2894 accuratam,
2187 2836 2249 2881 ut
2276 2830 2375 2881 illa

291 2922 493 2981 aetate,
541 2915 808 2968 Scandzae
859 2917 1192 2983 gentiumque
1233 2921 1287 2967 et
1332 2918 1603 2967 nationum
1653 2917 1765 2967 eius
1809 2915 2057 2967 vhabuisse
2110 2915 2371 2977 notitiam,

292 3000 568 3051 Iordanem
589 3014 728 3065 vero,
753 3001 964 3051 natione
989 2998 1218 3050 Gothum
1241 3015 1475 3065 eumque,
1502 3000 1592 3064 qui
1612 3001 1781 3064 plura,
1820 3014 1971 3063 quam
1995 3000 2088 3048 alii
2110 2997 2176 3047 de
2200 2996 2375 3046 insula

293 3084 390 3134 illa
430 3082 719 3147 incolisque
758 3082 870 3133 eius
915 3082 1132 3133 haberet
1179 3090 1439 3148 comperta
1486 3088 1539 3133 et
1582 3088 1889 3133 memoraret
1902 3119 1916 3146 ‚
1971 3084 2375 3144 Seu-itefimwrum

295 3168 453 3217 etiam
475 3182 666 3217 nomen
688 3166 954 3217 latuissue.
998 3166 1113 3215 Iam
1134 3152 1292 3217 verbo
1316 3172 1377 3216 ut
1400 3167 1567 3217 dicam
1602 3166 1739 3231 quod
1760 3166 1944 3231 sentio,
1970 3166 2375 3227 Scritefinnomm

290 3262 479 3298 nomen
502 3250 588 3299 vel
610 3248 802 3298 excidit
825 3249 890 3299 ob
913 3250 1299 3311 Rev-eremorum
1322 3252 1545 3300 nominis
1568 3250 1957 3300 similitudinem
1973 3248 2061 3297 vel
2077 3262 2110 3295 a.
2131 3244 2367 3307 librario,

294 3330 386 3395 qui
405 3330 622 3381 eandem
639 3332 721 3382 bis
741 3346 852 3383 esse
867 3332 1090 3397 positam
1107 3346 1282 3381 vocem
1292 3346 1576 3399 perperam
1594 3334 1909 3397 opinaretur,
1930 3331 1994 3381 de
2011 3328 2268 3379 industria
2292 3331 2375 3377 est

293 3412 554 3479 omissum,
591 3413 730 3465 unde
752 3420 1026 3479 utrumque
1054 3430 1243 3465 nomen
1269 3416 1602 3465 coniunctum
1631 3414 1773 3480 apud
1788 3418 2020 3465 nostrum
2052 3412 2151 3459 erit
2167 3422 2376 3473 reprae-

295 3495 616 3560 sentandum,
652 3497 1080 3561 quemadmodum
1109 3498 1344 3548 iunctum
1375 3499 1515 3563 apud
1546 3499 1900 3550 Ravennatem
1932 3492 2135 3561 quo'que
2164 3494 2377 3559 legitur.

295 3602 363 3614 -
385 3580 490 3628 ovi-5
513 3582 685 3629 avium
700 3584 895 3645 vivunt)
935 3580 1147 3645 Optima
1180 3581 1313 3630 haec
1342 3581 1499 3631 lectio
1524 3578 1739 3633 debetur
1772 3582 1853 3631 ed.
1878 3581 1996 3633 Par.
2032 3578 2266 3641 proxime
2287 3590 2377 3625 ac-

295 3660 434 3711 cedit
455 3660 523 3710 ad
548 3676 663 3711 eam
690 3662 845 3714 lectio
865 3664 1039 3716 Ambr.
1067 3670 1118 3715 et
1143 3662 1255 3713 cod.
1279 3662 1397 3713 Par.
1424 3664 1573 3715 5766.
1601 3668 1771 3715 ovium
1806 3668 2065 3727 aviumque
2085 3666 2288 3713 vivunt:
2310 3660 2373 3709 in
