2567 4084
1124 130 1244 215 ’.87

175 352 322 400 sens
362 333 432 399 in
473 330 807 418 republica
845 332 1293 414 nominantur,
1352 329 1423 395 id
1479 334 1575 395 est
1615 328 1974 395 Foederati.
2060 331 2245 397 Tunc

175 432 410 498 etenim
467 431 589 498 sub
631 430 910 497 Ariarici
964 434 1028 495 et
1067 428 1292 496 Aorici
1345 448 1571 513 regum
1621 449 1881 496 suorum
1930 430 2247 496 florebant

173 532 466 619 imperio.
523 532 684 597 Post
727 550 996 618 quorum
1039 529 1371 595 decessum
1414 548 1741 595 successor
1782 529 1962 615 regni
2004 530 2249 598 exstitit
2352 538 2360 549 “

175 631 515 715 Geberich,
559 629 816 697 virtutis
859 632 924 695 et
963 627 1326 719 nobilitatis,
1364 628 1655 695 eximius.

336 776 562 845 XXII.
643 778 812 845 Nam
838 777 966 861 hic,
1010 776 1357 843 Helderich
1382 782 1565 863 patre
1593 782 1804 862 natus,
1848 800 1973 846 avo
2008 780 2245 867 Ovida,

173 898 419 965 proavo
481 878 773 958 Nidada,
852 876 1122 961 gloriam
1187 878 1440 961 generis
1500 878 1601 943 sui
1652 879 1835 944 factis
1891 878 2247 946 illustribus

177 979 585 1063 exaequavit,
633 976 948 1065 primitias
989 976 1170 1060 regni
1213 977 1315 1042 sui
1355 996 1509 1041 mox
1550 977 1617 1043 in
1658 978 2019 1044 Vandalica
2059 982 2248 1064 gente

176 1074 520 1142 extendere
567 1076 832 1163 cupiens
879 1082 1102 1141 contra
1154 1076 1479 1159 Visimar,
1540 1097 1761 1143 eorum
1816 1096 2031 1162 regem
2051 1126 2070 1161 ,
2139 1078 2250 1166 qui
2352 1108 2356 1111 ·

175 1176 616 1259 Asdingorum
659 1194 694 1239 e
739 1174 972 1259 stirpe,
1035 1194 1198 1261 quae
1250 1174 1417 1240 inter
1461 1126 1580 1240 ’eos
1625 1177 1859 1242 eminet
1916 1196 2249 1265 genusque

175 1274 419 1339 indicat
482 1274 1036 1339 bellicosissimum
1053 1322 1072 1357 ,
1150 1264 1457 1361 Dexippo
1534 1273 1840 1340 historico
1915 1276 2247 1363 referente,

174 1562 221 1598 c.
248 1548 302 1600 4.
340 1544 484 1595 Goar
515 1544 585 1593 ad
618 1541 924 1607 Theophan.
959 1558 1011 1606 p.
1036 1542 1154 1592 382.
1188 1538 1547 1591 Schwebelius
1579 1540 1647 1591 ad
1669 1541 1855 1607 Veget.
1880 1542 1946 1596 R.
1970 1543 2043 1592 Μ.
2066 1544 2138 1608 11,
2166 1548 2244 1598 19.

175 1630 404 1693 cangius
440 1627 664 1692 denique
697 1628 755 1675 in
789 1626 1018 1679 Glossar.
1041 1625 1161 1677 Lat.
1184 1641 1234 1678 v,
1259 1628 1455 1674 numen·
1493 1630 1546 1675 et
1576 1624 1759 1677 Graec.
1796 1644 1847 1676 v.
1891 1620 2145 1698 ἀριθμοί.
2182 1656 2247 1667 —-

179 1701 392 1778 micitia)
428 1711 518 1763 Sic
548 1712 681 1761 Pau.
719 1716 772 1763 et
793 1711 968 1761 Ambr.
1003 1725 1120 1759 cum
1142 1708 1271 1763 Exc.
1308 1714 1362 1759 et
1394 1708 1475 1759 ed.
1500 1710 1781 1761 Lindenbr.
1807 1713 1973 1759 millia
1992 1712 2165 1776 vulgo,
2181 1740 2250 1751 —-

174 1784 522 1861 nominantur)
545 1794 695 1843 Haec
717 1795 873 1844 lectio
899 1808 930 1841 a
948 1792 1201 1841 Rhenano
1227 1798 1331 1842 est:
1356 1808 1477 1841 nam
1500 1792 1580 1846 ed.
1599 1808 1677 1857 pr.
1696 1796 1990 1843 nominatur
2008 1800 2245 1845 tenet.—

175 1878 420 1945 Ariarici)
457 1879 546 1931 Sic
578 1879 710 1929 Pall.
747 1879 926 1929 Ambr.
960 1876 1068 1943 Mg.
1105 1876 1224 1926 Par.
1259 1876 1389 1927 Exc.
1437 1876 1582 1941 Epit.
1630 1877 1713 1931 ed.
1746 1893 1825 1941 pr.
1875 1877 2057 1927 eodem
2097 1879 2251 1946 mollo

173 1964 388 2013 effertur
433 1977 624 2011 nomen
665 1962 734 2012 ab
767 1962 1039 2026 Anonymo
1091 1960 1268 2011 Vales.
1311 1976 1363 2025 p.
1400 1962 1517 2011 550.
1569 1961 1825 2011 Roderico
1869 1976 1993 2011 vero
2040 1964 2251 2013 Ariacus

172 2045 310 2097 idem
351 2050 456 2109 est,
491 2045 732 2095 Bonfinio
765 2046 1048 2093 Ariorica-⁹:
1085 2043 1223 2107 quod
1255 2044 1413 2109 vulgo
1448 2044 1639 2109 legitur
1669 2046 1893 2108 Arar-ici,
1930 2060 1965 2094 a
1995 2044 2251 2113 Rhenano

177 2129 345 2179 fluxit.
371 2154 437 2165 -
471 2126 662 2193 Aorici)
696 2128 803 2193 Mg.
839 2128 956 2177 Par.
993 2128 1172 2190 Atrio-2⁰,
1205 2128 1333 2179 Exc.
1369 2129 1610 2189 Αήονίοἰς
1642 2128 1895 2181 Roderico
1929 2130 2139 2179 Aurio-m
2172 2134 2252 2180 est

173 2210 328 2277 idem.
365 2238 446 2255 -κ
479 2210 730 2277 Geberieh)
777 2211 910 2261 Pan.
945 2211 1035 2259 hic
1076 2211 1283 2275 quidem
1320 2212 1541 2260 Giberith
1580 2211 1799 2276 habent,
1847 2212 1937 2263 sed
1982 2202 2096 2276 cap.
2140 2226 2249 2277 seq.

173 2296 448 2361 vulgatum
497 2294 729 2344 Geberich
771 2295 1027 2343 retinent:
1096 2293 1273 2344 Ambr.
1327 2294 1541 2343 Giberiet
1580 2309 1809 2359 semper-3
1855 2294 2109 2345 Roderico
2156 2298 2250 2347 Θε-

171 2377 298 2427 ben‘c
331 2376 636 2426 nominatur
679 2376 849 2441 idem,
895 2376 1137 2427 Bonfinio
1176 2368 1445 2428 Gebericus'
1479 2381 1533 2427 et
1572 2376 1631 2427 in
1658 2377 1803 2441 Epit.
1838 2379 2144 2428 Heberichus.
2179 2404 2249 2415 -

172 2445 696 2525 υἰτ·τιιτι’.ς,---·εει-ἰτηπῑυιε)Χ
709 2458 807 2509 Sic·
829 2459 961 2509 Pall.
997 2458 1088 2509 sed
1110 2459 1252 2521 Epit.
1292 2462 1549 2508 structura
1578 2458 1839 2507 usitatiori
1868 2462 2049 2509 virtute
2081 2465 2128 2509 et
2158 2474 2251 2509 no—

171 2542 363 2592 bilitate
397 2545 628 2604 eximius3
663 2542 803 2608 vulg.
837 2546 1036 2591 virtutis
1069 2548 1118 2591 et
1147 2542 1421 2591 nobilitatis
1454 2544 1679 2591 eaeimiae.

313 2659 445 2722 Cap.
480 2658 651 2709 XXII.
719 2660 853 2709 Nam
885 2657 982 2725 hic)
1025 2656 1114 2708 Sic
1147 2656 1262 2707 edd.
1300 2672 1475 2708 omnes
1514 2663 1638 2709 ante
1670 2659 1891 2709 Vulcan.
1932 2660 2025 2727 qui
2052 2660 2249 2725 primus

171 2756 361 2791 nomen
400 2742 633 2792 Geberieh
677 2742 760 2791 his
803 2742 976 2791 verbis
1020 2741 1305 2791 substituit.
1342 2766 1409 2778 -—
1454 2741 1732 2806 Heldm’ch)
1776 2742 1906 2792 Exc.
1954 2758 2069 2793 cum
2101 2744 2246 2810 Epir,
2329 2740 2334 2748 ’

170 2824 441 2877 Heldo-ico,
485 2851 554 2863 —-
607 2823 798 2888 ovida)
847 2822 975 2873 Exc.
1024 2826 1242 2873 Hovida.
1284 2852 1353 2863 --
1392 2824 1615 2899 Nidada)
1660 2824 1750 2875 Sic
1791 2824 1925 2875 Pall.
1964 2842 2058 2892 pro
2102 2830 2246 2895 vulg

175 2908 422 2967 emeda,
457 2906 636 2957 Ambr.
671 2908 906 2969 Midada,
941 2906 1070 2956 Exc.
1105 2908 1267 2970 Nida,
1303 2907 1445 2973 Epit.
1486 2910 1749 2959 Chuz'nida.
1784 2936 1851 2947 —-
1890 2908 2133 2976 Visimar)
2164 2912 2249 2961 Ita

177 2989 258 3039 ed.
293 3005 378 3054 pr.
425 2994 480 3039 et
529 2990 668 3038 infra
698 2990 862 3041 Paris.
911 3005 1034 3039 nam
1073 2990 1162 3040 hic
1199 2993 1435 3041 visumar
1473 3007 1535 3042 ea
1568 2994 1803 3057 exhibet,
1851 2992 1990 3057 quod
2020 2993 2145 3043 inde
2179 2994 2246 3043 ab

167 3086 231 3123 ea
263 3073 386 3125 edd.
421 3072 510 3122 hic
544 3072 780 3137 quidem,
835 3087 942 3122 non
980 3074 1106 3123 item
1137 3074 1305 3137 infra,
1352 3075 1584 3124 obsidet:
1632 3091 1665 3124 a
1706 3090 1865 3125 manu
1908 3078 2078 3141 prima
2109 3076 2243 3125 Pau.

171 3156 408 3205 Viam-ma
419 3190 437 3218 ,
491 3154 926 3229 emendatumque
975 3156 1035 3205 in
1093 3157 1258 3207 altero
1299 3158 1533 3207 Visamar
1574 3163 1709 3209 teste
1754 3157 2003 3221 Gruter03
2053 3159 2245 3209 Roder.

165 3240 392 3288 Huimar
422 3239 576 3304 sistit,
595 3240 740 3290 Exn.
783 3242 1140 3303 wisamarum,
1175 3240 1322 3305 Epit.
1352 3242 1679 3290 Bistt'namm.
1699 3268 1768 3281 -
1797 3246 1882 3304 qui
1910 3242 2247 3304 Asdinyorum

164 3335 193 3369 e
223 3320 406 3385 stirpe)
439 3321 754 3387 Relativum,
791 3322 930 3387 quod
963 3338 1060 3389 ego
1093 3323 1295 3389 reduxi,
1330 3324 1541 3376 exhibet
1558 3324 1733 3375 Ambr.
1769 3340 1886 3375 eum
1921 3324 2002 3375 ed.
2036 3340 2116 3389 pr.
2150 3339 2245 3375 un-

165 3403 314 3453 einis‘
329 3403 547 3455 inclusit
580 3404 960 3470 Leunclavius,
1007 3407 1164 3471 plane
1179 3407 1399 3471 ,expulit
1433 3406 1751 3457 Vulcaniust
1796 3408 2113 3471 praepositio
2148 3422 2177 3457 e
2208 3420 2244 3457 a
2330 3418 2336 3423 ·

165 3484 424 3537 Rhenano
459 3492 539 3538 est
570 3487 768 3553 addita,
805 3504 922 3539 cum
958 3488 1038 3541 ed.
1073 3505 1154 3554 pr.
1187 3504 1252 3539 ea
1288 3495 1499 3541 careret.
1534 3520 1597 3529 —
1633 3489 1883 3555 Dexippo)
1916 3487 2001 3539 Ita
2034 3488 2179 3540 dedit
2212 3506 2244 3542 e

164 3568 271 3634 Mg.
312 3568 532 3620 Leuncl.
567 3572 653 3621 vel
686 3572 802 3623 Par.
840 3572 1156 3623 Vulcanius:
1215 3586 1351 3636 quae
1381 3572 1536 3623 huius
1566 3572 1881 3623 antecedunt
1914 3574 2028 3624 edd.
2065 3589 2244 3626 omnes

163 3652 426 3717 Deurm'ppo
462 3654 712 3705 exhibent
741 3670 912 3721 neque
947 3657 1119 3706 minus
1152 3655 1285 3710 Pall.
1324 3670 1441 3705 cum
1472 3656 1613 3720 Epit.
