2567 4084
1267 139 1317 186 V

255 305 496 391 spretis
541 323 795 370 omnem
837 302 1351 370 emendationem
1392 320 1475 368 ex
1514 301 1745 368 horum
1786 302 1913 368 fide
1962 321 2337 388 suspensam

259 422 506 490 eosque
522 392 532 398 ”
547 403 632 468 ad
675 403 1000 489 scriptoris
1027 402 1301 468 salutem
1340 401 1488 468 fatis
1524 401 1878 468 destinatos
1908 421 2047 468 esse
2078 403 2336 470 minime

261 505 590 570 crederem
609 553 628 589 ,
697 502 814 568 sed
837 549 856 584 ,
927 502 988 568 si
1043 503 1304 570 meliora
1360 508 1424 568 et
1478 520 1621 588 quae
1683 519 1853 582 ¹verae
1920 500 2338 588 genuinaeque

258 603 560 669 lectionis
586 601 792 686 magis
821 601 1140 668 haberent
1169 602 1472 689 speciem,
1517 599 1657 666 aliae
1684 599 1981 672 offerrent
2006 599 2341 684 editiones,

261 723 343 770 ea
387 704 456 768 in
497 704 726 769 seriem
769 701 1074 766 orationis
1127 701 1493 787 reciperem.
1558 702 1809 784 Agmen
1854 699 2093 773 claudit
2120 699 2341 766 Mura-

260 803 418 869 torii
459 803 682 883 editio,
735 801 802 867 in
845 821 974 886 qua
1019 801 1421 887 reperiuntur
1460 801 1683 887 positae
1726 799 1889 864 infra
1928 803 2174 866 textum
2208 799 2342 867 lec·-

260 903 478 968 tiones
496 949 516 986 ,
593 921 754 988 quas
811 901 1016 966 codex
1067 900 1537 966 Ambrosianus
1594 899 2065 987 suppeditavit,
2131 899 2339 968 bonus

263 1001 530 1088 quidem
583 1001 728 1081 ille,
793 1019 1000 1086 neque
1052 1003 1266 1066 tamen
1330 1001 1533 1085 tanti,
1599 1000 1821 1085 quanti
1888 999 2085 1083 vulgo
2153 1000 2337 1084 solet,

263 1101 630 1179 faciendae,
705 1119 898 1186 quum
941 1099 1473 1186 ,interpolationis
1547 1102 1873 1185 perpetuae
1938 1103 2005 1162 et
2072 1099 2337 1166 consilio

267 1201 552 1286 quodam
623 1201 804 1264 factae
864 1200 1136 1284 vestigia
1191 1203 1290 1264 sat
1330 1198 1533 1264 multa
1592 1217 1724 1285 prae
1766 1217 1836 1264 se
1902 1197 2065 1264 ferat
2128 1197 2340 1266 locos-

264 1317 394 1386 que
413 1300 790 1384 corrigendo
811 1299 1196 1386 depravatos
1223 1297 1399 1364 haud
1420 1318 1660 1384 paucos
1694 1296 2011 1362 exhibeat.
2054 1297 2173 1364 Hae
2188 1296 2340 1366 solae

265 1397 561 1462 Iordanis
605 1397 916 1464 editiones
957 1404 1070 1463 aut
1111 1419 1150 1464 a
1189 1398 1371 1464 libris
1412 1397 1665 1484 scriptis
1693 1397 2013 1463 fluxerunt
2056 1402 2171 1462 aut
2209 1397 2341 1466 lec-

267 1498 464 1564 tionis
505 1517 589 1564 ex
631 1497 960 1564 codicibus
997 1517 1190 1562 manu
1221 1499 1496 1564 exaratis
1524 1497 1681 1582 ipsis
1709 1496 2071 1582 depromtas
2103 1515 2340 1582 reprae-

271 1603 544 1664 sentant.
587 1598 754 1665 Tum
778 1596 862 1663 ad
887 1617 1113 1664 manus
1139 1598 1399 1663 fuerunt
1425 1597 1581 1662 mihi
1611 1596 1918 1662 editiones
1942 1595 2337 1680 Leunclavii,

267 1691 578 1762 Vulcanii
595 1746 614 1780 ,
674 1696 1135 1781 Lindenbrogii
1203 1701 1266 1761 et
1298 1695 1551 1773 ‚Gar-etii
1570 1745 1587 1779 ,
1647 1696 1755 1781 qui
1814 1694 2023 1762 tamen
2074 1695 2201 1762 viri
2254 1695 2341 1760 ad
2452 1716 2455 1720 ·

273 1799 523 1860 textum
581 1797 784 1860 nostri
849 1795 1313 1865 emendandum
1386 1802 1449 1862 et
1516 1796 1745 1862 melius
1808 1794 2339 1875 constituendum,

275 1898 586 1978 quantum
655 1900 986 1981 exspectes
1059 1895 1164 1960 vel
1241 1915 1276 1961 e
1332 1894 1695 1961 nominibus
1731 1915 2005 1985 eorum,
2080 1895 2339 1962 minime

277 1993 698 2060 contulerunt.
781 1995 868 2060 Hi
937 1994 1104 2060 enim
1121 2023 1169 2077 ,·
1209 1999 1631 2081 praeterquam
1686 1994 1857 2080 quod
1908 1993 2089 2060 libris
2143 2014 2341 2061 manu

275 2092 556 2158 exaratis
599 2093 788 2179 plane
845 2093 1132 2160 destituti
1171 2099 1371 2182 ¹erant.
1409 2094 1477 2158 in
1524 2093 1795 2160 Iordane
1840 2094 2108 2172 edendo,
2150 2095 2338 2163 nimis

273 2190 584 2257 subitaria
640 2192 1015 2279 plerumque
1073 2213 1266 2260 manu
1324 2213 1489 2278 opus
1539 2192 1863 2278 facienteS,
1930 2214 2058 2262 non
2130 2195 2337 2262 solum

271 2291 666 2378 antiquiores
721 2292 1032 2358 editiones
1083 2293 1287 2358 nostri
1342 2293 1714 2376 conquirere
1770 2314 2005 2381 easque
2060 2295 2224 2360 inter
2266 2313 2335 2362 se

273 2409 646 2477 comparare
671 2397 735 2483 et
771 2390 1010 2456 bonum
1053 2391 1201 2458 inde
1241 2391 1517 2460 fructum
1558 2412 1784 2477 capere
1827 2394 2337 2480 supersederunt,

271 2488 388 2554 sed
415 2507 498 2556 ne
525 2491 816 2558 Fornerii
837 2491 1096 2578 quidem
1131 2491 1497 2566 editionem,
1540 2490 1835 2556 omnibus
1862 2498 2092 2576 praeter
2118 2493 2337 2560 Leun—

271 2587 550 2655 clavinm
567 2639 584 2672 ,
641 2593 752 2678 qui
803 2598 955 2659 ante
993 2592 1175 2658 illum
1221 2589 1423 2656 edidit
1478 2596 1765 2658 nostrum
1786 2639 1805 2673 ,
1858 2591 2207 2676 cognitam,
2263 2597 2336 2656 ut

271 2696 540 2776 apparet
585 2692 842 2779 quidem
885 2712 966 2758 ex
1008 2693 1294 2778 ipsorum
1336 2689 1890 2768 annotationibus,
1936 2695 1999 2755 et
2042 2691 2335 2761 manibus

274 2795 620 2874 versatam,
651 2811 746 2875 ea,
777 2812 904 2879 qua
934 2810 1052 2878 par
1084 2795 1238 2869 erat,
1282 2810 1435 2856 cura
1460 2796 1523 2856 et
1546 2789 1875 2872 diligentia
1900 2790 2332 2876 inspexerunt,

271 2889 766 2974 consuluerunt,
827 2898 1242 2959 excusserunt
1298 2895 1361 2956 et
1416 2890 1501 2956 ad
1562 2888 2029 2964 emendandum
2088 2897 2333 2960 textum

271 2989 600 3074 scriptoris
643 2989 1102 3064 adhibuerunt,
1155 2993 1246 3054 ita
1296 2995 1367 3056 ut
1410 2989 1683 3078 optimas
1728 2989 1919 3054 etiam
1939 3037 1957 3072 ,
2023 3009 2181 3076 quas
2224 2990 2335 3058 illa

269 3087 526 3172 praefert
571 3089 764 3154 modo
807 3089 874 3153 in
914 3088 1056 3174 ipso
1101 3094 1439 3173 contextu,
1505 3089 1695 3154 modo
1752 3087 1819 3152 in
1878 3089 2161 3173 margine
2203 3090 2335 3156 lec-

269 3184 504 3268 tiones,
539 3188 953 3272 neglexerint,
999 3188 1395 3254 emendanda
1438 3189 1755 3256 interdum
1800 3193 2148 3273 censentes,
2194 3209 2335 3277 quae

269 3291 445 3351 recte
499 3287 568 3351 in
624 3287 738 3352 illa
780 3303 1082 3373 expressa
1137 3292 1339 3370 erant,
1397 3294 1461 3354 et
1517 3289 1893 3356 coniecturis
1949 3289 2123 3356 haud
2188 3309 2333 3356 raro

269 3383 672 3471 indulgentes
691 3437 710 3472 ,
770 3387 1004 3474 quibus
1020 3436 1038 3470 ,
1111 3386 1165 3452 si
1228 3387 1507 3454 curatius
1579 3389 2005 3475 inspexissent
2046 3389 2334 3456 Fornerii

275 3482 638 3571 editionem,
684 3487 941 3555 minime
987 3507 1149 3573 opus
1193 3493 1348 3554 erat.
1408 3487 1595 3572 ‚Quae
1642 3489 1853 3554 omnia
1906 3509 2031 3574 quo
2074 3489 2212 3554 iure
2257 3491 2336 3556 de

271 3582 428 3649 viris
471 3583 598 3650 illis
644 3586 1025 3654 doctissimis
1078 3587 1499 3672 pronunciata
1540 3589 1665 3654 sint
1708 3605 1747 3654 a
1790 3607 1910 3672 me,
1953 3594 2025 3654 ut
2066 3588 2335 3676 liquebit
