2567 4084
267 486 567 536 ‘Tadzans
597 502 735 549 gens.
764 490 844 538 90.

299 547 507 610 Tagus,
540 550 719 597 aurifer
746 550 942 599 fluvius.
972 549 1076 596 156.

298 606 587 669 Taiphali
618 620 727 658 cum
760 609 928 659 Gothis
960 608 1128 656 iuncti.-
1160 608 1239 655 69.

296 667 526 717 Tanais
549 696 600 705 —
620 671 724 717 eius
746 675 898 717 ortus.
918 669 994 716 25.
1014 669 1093 716 33.
1114 670 1261 716 Asiae

354 728 672 811 Europaeque
732 730 983 777 terminus.
1044 729 1120 775 25.
1182 730 1258 777 33.

334 788 477 895 ἔξω·
516 788 837 837 chrinnorum
848 788 1093 836 montibus
1104 793 1257 837 ortus.

294 907 610 968 Tanausis‚
646 908 913 957 Gothorum
942 920 1045 965 rex,
1076 907 1260 957 bellum

354 969 481 1029 gerit
530 982 642 1017 cum
680 968 958 1029 Aegyptiis.
1010 969 1086 1015 35.
1146 970 1261 1028 post

352 1032 577 1137 ισιιῗέτοέιὲ.
605 1040 695 1090 pro
753 1029 951 1077 numine
997 1028 1186 1077 habitus
1230 1042 1260 1076 a

378 1103 411 1135 u
458 1122 471 1135 .
680 1119 686 1122 -

292 1147 413 1210 Tap
424 1162 504 1197 ae.
538 1150 613 1198 53.

292 1208 657 1269 Taprobane
686 1208 857 1257 insula.
890 1210 934 1256 5.

291 1268 695 1330 T-arabostes,
740 1268 1009 1317 Gothorum
1049 1280 1259 1328 genero-

352 1330 525 1378 siores.
555 1330 631 1377 31.

292 1388 525 1438 Taurus
554 1402 712 1438 mons.
743 1387 821 1434 23.
849 1390 927 1437 39.
960 1390 1037 1436 40.

263 1449 512 1498 ‘Tausis
542 1449 737 1499 fluvius.
767 1448 841 1495 26.

294 1509 620 1570 Telephus,
648 1508 870 1557 Herculis
896 1508 1043 1568 filius,
1070 1506 1257 1557 Gotho-

350 1582 460 1617 rum
488 1581 592 1617 rex.
622 1569 819 1615 41-43.

293 1629 742 1686 Theodahatus,
775 1628 1256 1678 Amalafridaefilius.

356 1692 459 1739 199.
506 1701 594 1737 rex
623 1691 683 1736 ab
710 1688 1082 1737 Amalasuentha
1108 1690 1254 1737 insti-

352 1756 501 1797 tutus.
520 1750 627 1796 204.
663 1750 878 1808 ingratus
900 1752 950 1797 in
981 1762 1096 1797 eam.
1130 1749 1247 1798 ibid.

352 1824 381 1857 a
402 1810 573 1857 Gothis
605 1809 905 1857 interfectus.
936 1810 1043 1857 206.

294 1867 658 1918 Theodosia.
688 1870 768 1917 25.

291 1929 411 1977 The
425 1943 454 1979 o
468 1930 657 1977 demir
676 1928 1251 1990 siveThiudemer‚Ama-

346 1989 423 2037 lus
446 2024 461 2047 ,
521 1988 807 2037 Theoderici
848 1994 992 2050 pater.
1032 1992 1111 2037 60.
1145 1992 1247 2039 180.

346 2053 508 2099 socius
540 2050 721 2097 Attilae
742 2050 795 2098 in
816 2050 1129 2111 expeditione
1147 2052 1249 2099 Ro-

343 2124 493 2158 mana.
547 2110 648 2157 138.
706 2112 821 2157 eius*
862 2122 973 2157 cum
1024 2112 1249 2161 fratribus

344 2170 505 2219 sedes.
546 2171 649 2218 179.
698 2174 869 2229 regnat
907 2184 1019 2219 cum
1055 2173 1245 2221 iisdem.

350 2232 453 2278 169.
482 2230 608 2291 capit
636 2230 1001 2279 Hunimundum
1014 2267 1027 2291 ,
1062 2234 1249 2281 Suevo-

296 2340 301 2347 .
344 2303 453 2341 rum
473 2300 650 2349 regem.
664 2290 767 2336 183.
790 2289 969 2350 Scyros
991 2305 1248 2353 eorumque

273 2376 281 2382 ·
340 2350 505 2397 socios
528 2350 695 2397 vincit.
720 2350 821 2397 185.
844 2350 953 2397 loca
971 2365 999 2398 a
1018 2352 1247 2399 Romanis

236 2434 240 2437 «
340 2409 601 2516 inc3010nda
637 2410 830 2470 accipit.
872 2412 976 2459 191.
1028 2414 1248 2459 moritur.

282 2530 441 2578 Theo
454 2530 711 2586 doricus,
727 2528 1125 2589 ostrogotharum
1142 2544 1244 2578 rex.

340 2590 461 2637 Eius
482 2595 695 2637 stemma.
718 2592 917 2637 57-60,
951 2590 1245 2639 Theodemi-

268 2676 277 2683 ·
342 2651 411 2697 ris
441 2650 592 2699 filius.
624 2651 701 2696 60.
732 2664 794 2697 ex
824 2651 1102 2699 concubina.
1138 2652 1243 2697 180.

343 2710 489 2757 obses
560 2708 1016 2770 Constantinopolin
1108 2709 1244 2759 datus

341 2770 446 2816 181.
502 2770 624 2817 inde
661 2772 893 2818 remissus
943 2770 1005 2817 ad
1043 2774 1241 2831 patrem.

342 2830 447 2876 186.
480 2828 625 2877 Babai
638 2862 653 2889 ,
700 2829 1012 2877 Sarmatarum
1062 2842 1242 2889 regem,

338 2890 575 2937 interimit
602 2892 654 2937 et
672 2888 993 2949 Singidunum
1023 2896 1243 2951 occupat.

341 2948 448 2999 187.-
480 2949 666 2997 invadit
694 2962 804 2997 cum
834 2953 970 3010 patre
988 2950 1245 3009 illyricum.

341 3009 447 3057 188.
490 3010 707 3058 succedit
732 3012 803 3059 =ei.
846 3012 951 3059 193.
1008 3012 1179 3061 consul
1218 3028 1247 3061 a

342 3068 542 3118 Zenone
564 3070 733 3119 faetus.
764 3072 881 3119 ibid.
914 3074 1021 3120 eius
1040 3073 1101 3121 ad
1120 3086 1245 3121 eun-

341 3130 453 3178 dem
484 3131 653 3179 oratio.
688 3134 787 3181 194.
819 3135 923 3181 195.
962 3132 1064 3180 Hes
1102 3134 1247 3181 eriam

376 3192 591 3254 etit‘cum
610 3192 725 3241 suis.
750 3196 855 3243 195.
890 3206 997 3242 cum
1026 3193 1067 3241 Ο
1102 3205 1244 3241 oacro

404 3250 525 3298 llum
556 3254 678 3313 gerit
699 3265 901 3315 eumque
923 3253 1116 3301 occidit.
1138 3254 1243 3301 196.

342 3310 533 3371 insigne
555 3313 743 3372 regium
762 3314 975 3361 assumit.
1002 3312 1105 3360 197.
1139 3313 1244 3360 eius

338 3369 523 3429 legatio
560 3372 621 3419 ad
662 3372 856 3420 Lodoin
878 3407 891 3433 ,
953 3372 1243 3420 Francorum

340 3443 520 3487 regem.
547 3433 661 3479 ibid.
694 3432 834 3493 filias,
866 3444 1094 3491 sororem,
1118 3444 1242 3503 nep-

343 3492 444 3536 tem
466 3488 683 3539 collocat.
706 3493 807 3540 198.
832 3494 935 3541 199.
956 3491 1081 3540 bella
1098 3494 1240 3550 gont.

338 3548 448 3597 200.
460 3549 564 3596 201.
596 3553 801 3599 moritur
824 3565 877 3600 re
912 3565 939 3600 e
970 3552 1239 3600 constituto

344 3608 619 3659 Athalarico
650 3616 840 3672 nepote.
936 3612 981 3659 3.

282 3667 728 3733 Theodericus,
768 3670 1103 3732 Triariifllius,
1136 3684 1239 3721 nou

1459 486 1630 535 Amaia
1659 489 1809 549 stirpe
1839 494 2114 551 procreatus
2129 526 2143 551 ,
2191 493 2372 543 florens

1463 561 1571 596 cum
1603 549 1720 597 suis.
1755 550 1860 597 181.

1401 606 1831 658 Theodericus
1875 608 1912 657 1.
1987 610 2370 670 vesegotharum

1427 696 1432 701 ·
1459 680 1562 717 rex.
1586 668 1691 715 124.
1725 669 1853 717 bello
1873 684 1901 717 a
1921 644 2147 719 homnis
2167 673 2368 733 petitus.

1461 728 1563 777 125.
1595 740 1761 789 paoem
1791 742 1901 777 eum
1933 732 1993 777 iis
2026 732 2202 789 iungit.
2254 732 2368 780 126.

1458 789 1565 837 eius
1615 789 1679 836 ad
1719 788 2109 838 Valentinianum
2155 804 2234 839 res
2272 804 2367 841 on-

1457 862 1580 897 sum.
1626 850 1731 899 183.
1775 848 1879 899 nni.
1923 850 2039 899 ibid.
2074 862 2185 898 cum
2266 852 2362 901 otio

1458 909 1745 958 coniunotus
1768 906 2149 959 contraAttilam
2167 911 2219 958 in
2234 924 2365 965 cam-

1457 970 1536 1027 pis
1558 968 1876 1018 catalaunicis
1899 971 2127 1030 confligit.
2141 972 2244 1019 137.
2257 974 2362 1018 141.

1457 1028 1561 1077 143.
1597 1030 1790 1077 occisus
1819 1032 1870 1077 in
1901 1030 2106 1091 proelio.
2121 1030 2222 1079 143.
2257 1032 2362 1081 eius

1366 1114 1374 1120 -
1455 1100 1544 1135 exa
1639 1089 1726 1138 iae.
1762 1091 1864 1137 146.

1398 1148 1561 1197 Theo
1614 1149 1819 1197 ericus
1849 1148 1932 1209 11.‚
1976 1151 2358 1211 vesegotharum

1455 1222 1573 1269 rex,
1631 1208 1932 1257 Theoderici·
1965 1210 2004 1260 1.
2057 1212 2188 1259 filius
2241 1214 2360 1259 natu

1454 1270 1618 1316 maior.
1652 1270 1756 1315 134.
1785 1268 1958 1317 'Pheris
2008 1271 2129 1318 undi
2160 1284 2359 1319 succes-

1429 1341 1547 1383 sor.
1573 1330 1674 1375 155.
1697 1327 1882 1377 Suevos
1907 1332 1926 1377 i
2029 1330 2210 1393 ispania
2229 1344 2349 1385 con·

1451 1389 1568 1437 ficit.
1601 1390 1707 1438 157.
1741 1390 1847 1438 eius
1879 1390 2058 1439 obitus.
2091 1393 2196 1440 159.

1394 1448 1745 1497 Theodosia
1773 1462 1802 1497 o
1837 1448 2025 1511 pidum.
2053 1450 2129 1499 25.

1393 1508 1786 1559 Theodosius
1803 1462 1852 1557 ἲ
1893 1510 2154 1572 imperator
2181 1521 2211 1556 a
2230 1508 2348 1558 Gra-

1450 1570 1580 1617 tiano
1621 1568 1823 1620 oleatus.
1869 1572 1971 1618 104.
2022 1572 2124 1619 eius
2163 1568 2350 1617 bellum

1435 1642 1563 1677 ·cum
1593 1629 1780 1678 Gothis.
1815 1632 1917 1677 105.
1951 1633 2106 1678 sancit
2126 1631 2302 1678 foedus
2321 1643 2350 1676 a

1451 1690 1677 1739 Gratiano
1705 1702 1816 1737 cum
1837 1689 2009 1739 Gothis
2026 1691 2217 1739 initum.
2240 1690 2346 1737 106.

1451 1751 1790 1798 Athanaricum
1801 1749 2256 1812 Constantinopolin
2266 1752 2347 1797 in·
2367 1797 2374 1802 ,

1449 1812 1580 1858 vitat.
1613 1809 1729 1858 ibid.
1766 1822 1795 1857 o
1833 1823 1912 1857 era
1942 1810 2210 1859 Gothorum
2239 1810 2343 1860 uti-

1448 1874 1541 1919 tur.
1577 1872 1678 1917 107.
1709 1881 1790 1917 mo
1833 1874 1925 1917 tur.
1956 1872 2066 1918 108.

1390 1929 1779 1978 Theodosius
1821 1930 1907 1987 IL,
1949 1932 2223 1991 imperator,
2243 1930 2346 1977 Ro-

1369 2018 1376 2023 ·
1448 2002 1714 2048 manorum,
1733 1990 1905 2037 consul
1918 2003 2030 2037 >eum
2051 1990 2213 2039 Festo.
2237 1990 2344 2038 125.

1367 2078 1374 2084 ·
1447 2052 1738 2113 legationem
1751 2051 1813 2097 ad
1825 2050 2026 2097 Attilam
2045 2052 2210 2098 mittit.
2239 2050 2343 2097 127.

1443 2114 1677 2161 tributum
1708 2111 1866 2158 eidem
1890 2111 2144 2173 promittit.
2161 2110 2281 2158 152.

1387 2172 1774 2221 Thermantia
1797 2205 1811 2230 ,
1865 2170 2110 2219 btiliconis
2153 2170 2253 2217 filia
2295 2173 2345 2219 et

1446 2232 1653 2281 Honorii
1684 2232 1984 2291 imperatoris
2015 2232 2208 2281 coniux.
2234 2230 2340 2279 112.

1386 2290 1717 2341 Thessalia.
1754 2294 1859 2339 105.
1894 2292 1998 2339 189.

1385 2350 1820 2399 Thessalonica
1857 2352 1986 2399 urbs.
2016 2352 2092 2399 86.
2142 2352 2344 2399 obsessa

1442 2424 1472 2459 a
1501 2410 1686 2459 Gothis.
1719 2412 1824 2458 190.

1384 2469 1782 2527 Thessander,
1813 2470 2037 2518 Graeciae
2058 2470 2174 2530 dux,
2207 2470 2340 2519 occi-

1441 2544 1528 2580 sus
1557 2546 1585 2577 a
1616 2530 1732 2577 Tele
1764 2530 1844 2579 ho.
1878 2531 1954 2576 42.

1383 2592 1672 2649 Theutes,
1747 2588 1954 2639 candzae
1979 2590 2125 2637 natio.
2159 2590 2239 2635 17.

1382 2650 1816 2710 Thiudigotho,
1853 2650 2141 2698 Theoderici
2161 2650 2259 2697 fllia
2277 2662 2340 2697 ex

1442 2713 1720 2760 concubina.
1757 2712 1858 2761 198.

1381 2772 1672 2830 Thiudis,
1727 2771 1982 2819 Amalarici
2030 2772 2176 2820 tutor.
2230 2770 2336 2819 201.

1439 2844 1643 2891 regnum
1673 2832 1868 2881 invadit.
1902 2832 2012 2878 202.

1364 2892 1863 2999 Ἷὴίυᾶέὧμοεει
1884 2927 1897 2954 ,
1958 2891 2338 2951 vesegotharum

1437 2967 1540 3003 rex.
1669 2986 1683 3000 .

1379 3012 1786 3063 Thorismund
1825 3012 2336 3060 seu-Thorismun-

1437 3075 1562 3130 dus,
1586 3073 1800 3121 Amalus.
1825 3074 1900 3121 60.
1927 3072 2028 3119 124.
2057 3072 2158 3119 198.
2179 3072 2338 3120 victor

1437 3132 1738 3195 Gepidarum.
1773 3134 1879 3180 168.

1377 3193 1420 3242 T
1427 3193 1460 3241 h
1475 3206 1502 3242 o
1513 3194 1602 3239 ris
1611 3207 1658 3240 m
1667 3206 1700 3240 u
1711 3206 1744 3239 n
1753 3192 1802 3249 d,
1817 3191 2101 3241 Theoderici
2119 3190 2336 3249 [Nese-

1436 3253 1686 3313 gotharum
1705 3253 1849 3311 rogis,
1883 3253 2012 3300 filius
2033 3256 2150 3299 natu
2169 3252 2332 3301 maior.

1438 3314 1544 3361 134.
1589 3312 1696 3360 eius
1726 3324 1872 3373 opera
1911 3313 1963 3359 in
2001 3324 2164 3374 pugna
2193 3311 2336 3361 Gata-

1437 3372 1640 3420 launica.
1653 3372 1755 3421 139.
1769 3374 1876 3419 144.
1899 3384 1985 3419 rex
2005 3387 2032 3419 a
2043 3372 2334 3433 vesegothis

1437 3436 1640 3480 creatus.
1695 3434 1799 3479 146.
1870 3434 1974 3481 eius
2025 3434 2224 3481 victoria
2273 3432 2335 3479 de

1436 3492 1607 3541 Attila.
1645 3492 1750 3541 153.
1781 3505 1911 3541 mors
1941 3492 2152 3553 indigna.
2185 3494 2290 3541 154.

1375 3551 1645 3659 Τίὃιηιίίι.
1683 3552 1758 3601 30.
1801 3554 1876 3602 45.
1917 3556 1993 3601 46.
2035 3554 2111 3601 63.
2145 3556 2221 3602 64.
2255 3554 2330 3602 68.

1374 3671 1676 3721 Thraciae·
1714 3675 1815 3736 190.
1849 3676 1954 3723 104.
