2567 4084
1083 139 1086 143 ’
1185 162 1273 224 97

205 339 583 425 nigredinis,
630 345 693 403 et
736 339 913 404 velut
957 339 1309 426 quaedam,
1366 341 1420 404 si
1463 342 1587 405 dici
1630 342 1725 406 fas
1770 347 1903 421 est,
1966 341 2262 406 deformis

207 442 348 523 offa,
392 461 520 505 non
553 438 766 521 facies,
811 440 1178 526 habensque
1223 442 1425 525 magis
1470 450 1725 525 puncta⁷
1772 460 1959 528 quam
2006 440 2260 507 lumina.

205 544 490 626 Quorum
533 539 726 602 animi
757 538 1050 603 fiduciam
1077 548 1299 604 torvus
1329 540 1541 625 prodit
1571 548 1886 627 aspectus„
1934 542 2043 625 qui
2074 541 2264 606 etiam

205 640 268 704 in
309 640 578 727 pignora
621 658 736 701 sua
777 634 980 722 priino
1026 638 1129 703 die
1173 645 1321 703 nata
1367 640 1758 707 desaeviunt.
1862 640 2024 704 Nam
2072 643 2262 706 mari-

205 738 322 803 bus
363 738 527 803 ferro
568 758 766 823 genas
810 743 1061 817 secant,
1106 743 1212 817 ut,
1272 746 1613 823 antequam
1657 741 1837 803 lactis
1884 743 2264 805 nutrimenta

201 839 588 925 percipiant,
661 838 941 901 vulneris
985 844 1293 919 cogantur
1338 836 1551 902 subire
1594 840 2009 907 tolerantiam.
2098 840 2264 905 Hinc

203 937 519 1003 imberbes
562 944 898 1002 senescunt
941 945 1003 1000 et
1048 938 1182 1001 sine
1229 944 1561 1001 venustate
1606 939 1837 1023 ephebi
1882 944 2068 1022 sunt,
2115 944 2263 1025 quia

201 1037 393 1101 facies
457 1038 622 1101 ferro
689 1038 929 1101 sulcata
991 1039 1436 1121 tempestivam
1498 1038 1771 1121 pilorum
1824 1043 2091 1123 gratiam
2150 1061 2264 1125 per

202 1138 524 1201 cicatrices
567 1136 863 1203 absumit.
947 1136 1178 1218 Exigui
1241 1137 1497 1220 quidem
1558 1136 1791 1217 forma,
1854 1139 1965 1223 sed
2023 1141 2263 1223 argutis

199 1235 478 1299 motibus
544 1236 828 1319 expediti
889 1242 950 1299 et
993 1236 1075 1299 ad
1121 1238 1533 1321 equitandum
1577 1239 2061 1321 promptissimi3
2124 1259 2263 1304 sca-

199 1337 370 1423 pulis
409 1335 586 1417 latis,
631 1342 694 1399 et
737 1336 832 1399 ad·
862 1355 1044 1400 arcus
1089 1338 1477 1421 sagittasque
1523 1337 1769 1419 parati,
1816 1337 2012 1399 firmis
2058 1340 2263 1402 cervi-

199 1436 381 1500 cibus
412 1442 474 1500 et
501 1430 800 1519 superbia
829 1456 1078 1521 semper
1109 1437 1353 1499 erectis.
1436 1434 1525 1498 Hi
1573 1455 1722 1498 vero
1768 1436 1887 1499 sub
1936 1436 2261 1501 hominum

197 1536 403 1619 figura
447 1537 674 1600 vivunt
714 1535 972 1600 beluina
1009 1536 1296 1603 saevitia.
1382 1536 1571 1619 Quod
1613 1556 1813 1619 genus
1858 1538 2263 1622 expeditissi-

196 1658 372 1701 mum
415 1636 882 1721 multarumque
921 1638 1247 1700 nationum
1277 1627 1923 1719 grassator-ein'Getae
1968 1645 2037 1701 ut
2080 1640 2263 1703 vide-

195 1743 364 1817 runt,
409 1735 864 1819 expavescunt,
910 1754 1154 1819 suoque
1196 1754 1339 1797 cum
1383 1754 1530 1817 rege
1576 1735 1949 1817 deliberant,
1996 1738 2264 1822 qualiter

193 1856 267 1902 se
309 1857 347 1900 a
391 1837 504 1900 tali
548 1837 732 1900 hoste
777 1835 1153 1900 subducant.
1216 1833 1381 1895 Nam
1426 1834 1937 1917 HermanaricuS,
1983 1856 2095 1899 rex
2128 1836 2261 1900 Go-

189 1937 482 2019 thorum,
531 1936 708 2015 licet,
755 1940 826 1999 ut
869 1932 1158 2019 superius
1203 1933 1551 2014 retulirnuS‚
1600 1933 1943 1997 muitarum
1978 1937 2262 2017 gentium

192 2037 508 2102 exstiterit
538 2035 976 2119 triumphator,
1025 2034 1103 2097 de
1132 2032 1512 2097 Hunnorum
1546 2020 1753 2095 tamen
1784 2035 2065 2099 adventu
2111 2036 2263 2098 dum

191 2137 466 2222 cogitat,
553 2136 1060 2201 Rosomonorum
1119 2154 1275 2217 gens
1347 2133 1587 2215 infida,
1672 2153 1832 2218 quae
1896 2142 2046 2197 tunc
2100 2135 2263 2199 inter

187 2408 390 2457 Hister.
440 2406 510 2455 Μ.
548 2405 678 2454 Rod.
727 2403 856 2455 Exc.
897 2402 1060 2467 Sigib.
1099 2400 1299 2451 Gembl.
1355 2400 1434 2449 ed.
1472 2401 1756 2454 Lindenbr.
1806 2406 1985 2463 species
2030 2405 2261 2465 pavenda

185 2494 445 2553 niyredine
477 2491 560 2539 sed
591 2489 762 2553 vulgo.
800 2514 868 2523 -
915 2485 1172 2551 fiduciam)
1209 2485 1339 2534 Rod.
1378 2489 1655 2546 saevitiam,
1694 2485 1856 2548 sigib.
1897 2484 2096 2533 Gembl.
2127 2487 2261 2546 sero-

187 2579 340 2624 eiam.
376 2602 446 2613 -—
477 2578 558 2635 qui
580 2572 755 2638 etium)
792 2572 1001 2621 Mallem
1034 2573 1151 2632 quin
1185 2573 1354 2617 etiam.
1392 2594 1455 2603 -
1490 2565 1672 2633 subire)
1711 2568 1813 2630 Mg.
1850 2566 1967 2617 Par.
2002 2570 2257 2627 suscipere.

185 2685 256 2694 --
298 2674 394 2719 per
422 2658 686 2719 cicatrices)
723 2657 918 2705 Histor.
956 2654 1023 2701 M.
1063 2655 1118 2700 in
1153 2655 1414 2701 cicatrices.
1453 2678 1521 2689 --
1554 2654 1743 2712 aryutis
1783 2649 1995 2697 motibus
2029 2648 2257 2714 expediti)

181 2742 276 2791 Ita
307 2740 442 2791 Pan.
479 2742 650 2792 Ambr,
688 2741 884 2789 Histor.
922 2738 991 2785 M.
1029 2735 1158 2785 Rod.
1197 2734 1325 2783 Exc.
1363 2734 1503 2798 Epit.
1549 2733 1639 2783 sed
1686 2734 1824 2797 vulg.
1870 2714 2061 2794 arbuti,
2110 2736 2260 2781 moti-

184 2826 280 2874 bus
322 2822 556 2886 expediti,
609 2822 863 2887 quomodo
914 2822 1105 2886 legitur
1155 2820 1313 2869 etiam
1360 2820 1417 2867 in
1472 2818 1735 2867 Historiae
1793 2818 1863 2864 M.
1920 2816 2032 2865 cod.
2090 2816 2255 2865 Palat.

181 2936 258 2947 -—
285 2906 486 2973 parati)
534 2908 659 2955 Exc.
695 2910 916 2969 parntis,
963 2908 1020 2954 in
1053 2904 1376 2954 variantibus
1411 2908 1583 2951 tamen
1616 2899 1917 2949 Ekkchardi
1949 2900 2259 2949 lectionibus

180 2992 380 3041 visitur
413 2994 566 3039 etiam
602 2994 789 3051 parati.
848 3016 914 3025 -·-
970 2994 1018 3036 et
1049 2989 1278 3050 superbia
1312 3016 1379 3025 --
1411 2983 1599 3049 erectis)
1634 2984 1721 3033 Sic
1753 2982 1884 3033 Pan.
1924 2984 2094 3031 Ambr.
2130 2983 2255 3031 Exc.

175 3072 283 3123 sed
317 3074 514 3134 ffistor.
551 3073 620 3120 M.
666 3072 894 3133 superbia
935 3086 1127 3133 semper
1169 3076 1346 3130 erecti,
1402 3068 1539 3133 quod
1578 3069 1775 3129 recepit
1807 3067 2254 3132 Lindenbrogius;

177 3172 238 3205 v.
285 3160 346 3204 in
377 3156 615 3217 -mperbia
657 3170 845 3215 semper
891 3158 1048 3203 erecti.
1109 3181 1162 3189 -
1217 3158 1579 3213 multarumque
1611 3154 1875 3199 nationum
1905 3146 2253 3213 yma-satorem)

177 3240 368 3289 Ambr.
428 3240 570 3290 addit
615 3239 827 3298 addim
883 3237 1074 3307 Hister.
1115 3237 1186 3284 M.
1239 3252 1333 3299 pro
1384 3241 1709 3297 yrmsatorem
1758 3235 2116 3296 qrassntorium
2171 3246 2256 3279 ex-

177 3322 364 3382 hibet,
419 3320 558 3385 quod
591 3321 788 3383 recepit
819 3319 1242 3383 Lindcnbrogius.
1282 3344 1348 3379 -·‚-
1386 3322 1767 3367 Rosomonorum
1798 3326 1940 3377 qens)
1992 3314 2143 3363 Haec
2178 3319 2256 3363 est

174 3404 347 3454 lectio
381 3404 514 3453 Pau.
549 3405 720 3453 Ambr.
769 3408 824 3451 et
865 3402 945 3451 ed.
995 3418 1071 3467 pr.
1119 3402 1184 3450 ad
1235 3415 1389 3464 quam
1434 3401 1663 3463 proxime
1706 3398 1959 3447 accedunt
2002 3397 2252 3447 lectiones

176 3488 300 3537 cod.
328 3488 487 3537 Paris.
532 3488 662 3537 1890
697 3493 751 3535 et
773 3486 896 3535 Exc.
924 3488 1331 3547 Rasomonomm,
1354 3477 1529 3533 'Paris
1558 3484 1707 3532 5766.
1726 3483 2073 3547 Rosvmorum,
2109 3479 2251 3541 Epit.

173 3574 579 3621 Boeomenorum
595 3608 610 3633 ,
663 3570 812 3620 Bonf.
851 3574 1272 3621 Rossomonurum.
1325 3568 1625 3617 Lectionem
1672 3564 1749 3613 ed.
1786 3578 1863 3627 pr.
1906 3564 2101 3627 primus
2144 3578 2253 3611 mu-

171 3657 324 3706 tavit
372 3657 458 3707 vel
507 3654 758 3719 pervertit
805 3653 1110 3716 RhenanuS,
1165 3650 1254 3713 qui
1288 3653 1647 3701 Rosocanomm
1690 3646 1833 3697 dedit
1850 3684 1864 3710 ,
1916 3646 2252 3711 sequentibus

1818 3732 1848 3779 7
