2567 4084
1302 170 1381 232 10

307 349 604 415 trecentis
647 349 865 415 decem
908 348 1132 415 stadiis
1187 348 1459 414 latitudo
1504 344 1641 413 eius
1683 346 1795 414 ubi
1838 348 2188 435 patentior,
2245 370 2375 417 non

307 448 474 513 ultra
531 453 773 534 septem
831 448 1032 513 millia
1091 456 1346 514 centum
1400 448 1663 532 triginta
1717 447 1844 515 duo
1907 447 2112 513 stadia
2176 448 2378 515 fertur

308 546 595 631 extendi,
623 547 815 613 modo
853 567 1008 613 vero
1044 546 1333 628 dumosa,
1366 546 1558 612 modo
1600 546 1876 613 silvestri
1910 547 2117 613 iacere
2163 548 2378 635 plani-

305 645 416 730 tie,
460 646 787 713 montibus
832 648 1023 711 etiam
1065 647 1389 714 nonnullis
1417 647 1794 712 increscere:
1838 647 1997 712 mari
2032 646 2216 713 tardo
2252 648 2379 713 cir-

307 746 614 829 cumflua,
661 745 835 831 quod
875 757 1000 812 nec·
1035 746 1226 812 remis
1267 745 1452 811 facile
1496 744 1963 832 impellentibus
2008 744 2214 830 cedat,
2258 765 2381 813 nec

307 850 649 911 ventorum
681 844 940 911 flatibus
975 846 1374 931 intumescat,
1407 844 1620 929 credo,
1654 844 1802 932 quia
1822 848 2101 911 remotae
2122 845 2381 931 longius

307 950 512 1011 terrae
553 964 779 1011 causas
817 944 1141 1012 montibus
1179 950 1450 1031 negant:
1483 944 1721 1031 quippe
1757 943 1907 1009 illuc
1940 944 2152 1029 latius,
2186 965 2381 1031 quam

308 1062 601 1130 usquam,
648 1063 888 1131 aequor
925 1045 1307 1112 extenditur.
1355 1044 1573 1111 Refert
1608 1047 1823 1109 autem
1846 1043 2101 1128 Strabo,
2140 1043 2383 1111 nobilis

310 1142 702 1209 Graecorum
734 1144 1025 1230 scriptor,
1057 1148 1268 1209 tantas
1295 1143 1473 1209 illam
1497 1143 1796 1209 exhalare
1830 1140 2121 1227 nebulas,
2154 1144 2381 1210 made·-

306 1240 476 1305 facta
519 1240 713 1309 humo
760 1242 1000 1309 Oceani
1045 1243 1281 1309 crebris
1326 1241 1699 1309 excursibus
1718 1291 1737 1326 ,
1781 1246 1854 1308 ut
1906 1242 2235 1309 subtectus
2280 1242 2383 1309 sol

304 1360 422 1426 per
463 1340 636 1407 illam
680 1362 885 1429 paene
927 1348 1127 1409 totam
1170 1342 1541 1424 foediorem,
1590 1341 1697 1427 qui
1742 1361 2001 1407 serenus
2045 1344 2161 1425 est,
2208 1342 2384 1407 diem

307 1448 572 1525 negetur
615 1442 923 1529 aspectui.
991 1441 1261 1508 Noctem
1307 1460 1562 1528 quoque
1608 1440 1941 1506 clariorem
1986 1441 2053 1505 in
2096 1446 2384 1507 extrema

309 1644 2375 1656 -mmfflfm—

445 1758 606 1826 eredo)
646 1760 802 1809 Hanc
839 1776 1035 1824 vocem,
1079 1775 1234 1824 quam
1276 1761 1437 1810 habet
1476 1765 1529 1810 et
1568 1760 1795 1825 Tacitus,
1839 1776 1990 1825 quem
2027 1760 2116 1811 hic
2149 1760 2391 1825 sequitur

307 1847 500 1905 noster,
517 1842 989 1909 Ambrosianusque
1005 1844 1162 1893 etiam
1181 1843 1407 1907 exhibet,
1432 1844 1675 1893 revocavi
1697 1859 1762 1893 ex
1785 1844 1867 1897 ed.
1888 1860 1967 1908 pr.
1985 1844 2213 1894 Primum
2233 1844 2390 1893 abest

308 1927 376 1977 ab
396 1925 474 1975 ed.
489 1925 768 1975 Leunclav.
782 1926 1005 1990 indeque
1022 1928 1078 1976 in
1095 1927 1240 1976 nulla
1255 1928 1639 1992 insequentium
1656 1933 1931 1991 comparet.
1947 1954 2016 1965 —-
2030 1926 2196 1990 Refert
2214 1932 2387 1975 autem

307 2008 513 2073 Strabo)
537 2008 646 2073 Mg.
667 2009 784 2058 Par.
811 2013 960 2058 mim.
998 2036 1060 2047 -
1095 2012 1380 2073 madefacta
1405 2007 1576 2076 humo)
1613 2009 1763 2060 Haec
1784 2010 1939 2061 lectio
1964 2008 2199 2062 desumta
2222 2024 2251 2059 e
2272 2009 2386 2075 Mg.

211 2132 216 2136 .
307 2089 427 2143 Par.
460 2092 684 2155 primum
717 2092 902 2141 visitur
931 2092 989 2141 in
1019 2091 1100 2143 ed.
1136 2094 1415 2153 Vulcanii;
1440 2094 1635 2157 priores
1673 2092 1785 2143 edd.
1810 2094 2149 2155 madefactam
2180 2096 2389 2143 tantum

309 2172 512 2222 sistunt.
550 2202 618 2211 -
649 2178 708 2223 ut
725 2175 967 2223 subtectus
986 2204 1044 2213 —
1068 2179 1310 2239 aspectui)
1346 2176 1495 2226 Haec
1531 2182 1609 2227 est
1638 2177 1793 2227 lectio
1816 2176 2047 2243 vulgata,
2079 2177 2315 2240 profecta
2350 2192 2387 2225 a.

305 2253 580 2320 Vulcanio,
617 2258 707 2321 qui
726 2257 784 2305 in
808 2258 1101 2323 effingenda
1125 2274 1188 2308 es.
1211 2264 1420 2309 secutus
1441 2260 1662 2309 maxime
1698 2265 1778 2309 est
1810 2259 2087 2310 lectionem
2120 2260 2228 2324 Mg.
2261 2259 2385 2313 Par.

305 2339 548 2387 subteaetus
582 2344 657 2388 sol
683 2356 776 2403 per
804 2344 951 2389 illam
975 2359 1102 2404 pene
1132 2347 1288 2390 totam
1322 2345 1404 2403 qui
1433 2358 1626 2391 serenus
1658 2348 1728 2392 est
1749 2344 1883 2392 diem
1902 2350 2102 2407 neyetur
2124 2348 2349 2406 aspectus
2362 2361 2383 2391 .-

305 2420 364 2470 in
395 2421 654 2485 prioribus
693 2428 868 2473 autem
902 2424 1016 2474 edd.
1052 2426 1244 2491 legitur
1285 2431 1343 2474 ut
1386 2426 1625 2475 subiect-tw
1658 2429 1733 2475 sol
1760 2442 1853 2488 per
1886 2430 2029 2475 illam
2055 2442 2183 2490 pene
2218 2432 2381 2477 totum

300 2504 598 2568 foediorem,
634 2508 716 2567 qui
746 2522 938 2555 serenus
973 2512 1045 2557 est
1059 2545 1073 2573 ,
1123 2510 1252 2558 diem
1294 2513 1493 2571 περινέειν
1526 2512 1762 2571 aspectui.
1830 2508 2062 2571 Quarum
2094 2508 2380 2561 lectionum

304 2602 465 2651 quum
506 2593 742 2638 neutram
788 2594 924 2641 stare
973 2606 1125 2655 posse
1169 2594 1387 2645 vidisset
1418 2592 1864 2657 Lindenbrogius,
1910 2593 2024 2642 loco
2070 2592 2145 2641 ita
2178 2593 2380 2644 mederi

301 2670 511 2733 studuit,
545 2674 607 2719 ut
641 2671 805 2721 eiecta
835 2689 964 2723 voce
993 2677 1266 2737 foediorem
1302 2676 1584 2739 exhiberet,
1621 2682 1677 2724 ut
1708 2676 1835 2724 subt.
1871 2690 1911 2723 s.
1931 2691 2022 2737 per
2049 2678 2195 2724 illam
2216 2690 2376 2739 paene

301 2756 479 2815 totam,
513 2755 596 2813 qui
627 2768 819 2802 serenus
852 2760 921 2803 est
955 2757 1112 2819 diem,
1158 2764 1356 2821 neqetur
1398 2764 1634 2821 aspectus.
1704 2755 1808 2807 Sed
1845 2772 1943 2806 nec
1975 2759 2051 2807 ita
2084 2760 2375 2809 consultum

302 2848 415 2883 esse
445 2832 578 2897 1000,
616 2835 786 2898 quivis
816 2836 986 2887 videt:
1023 2839 1148 2902 quid
1179 2841 1340 2907 igitur
1372 2841 1418 2891 si
1449 2841 1610 2905 legas,
1644 2846 1701 2888 ut
1732 2840 1973 2889 &obtectus
2005 2844 2079 2891 sol
2108 2858 2197 2905 per
2227 2846 2377 2893 illum
2424 2879 2431 2883 -

293 2930 458 2978 paene
481 2921 638 2966 totum
665 2918 858 2981 foedior
892 2925 935 2968 et
969 2925 1052 2983 qui
1081 2938 1277 2971 serenus
1311 2928 1381 2971 est
1414 2924 1557 2984 diem,
1593 2930 1793 2985 neyetur
1823 2930 2079 2987 aspectui?
2112 2942 2280 2990 sensu,
2316 2933 2379 2977 ut

298 2998 429 3047 mihi
465 2998 672 3063 quidem
706 3001 927 3067 videtur,
961 3019 1067 3053 non
1107 3004 1449 3059 incommodo.
1497 3006 1799 3069 Corruptela
1834 3012 2008 3057 autem
2045 3008 2169 3059 inde
2200 3012 2375 3073 potuit

299 3082 439 3145 oriri,
477 3082 615 3146 quod
639 3083 880 3136 librarius
905 3092 951 3136 et
975 3101 1155 3137 vocem
1179 3088 1539 3152 compendiose
1562 3091 1804 3153 scriptam
1826 3090 1865 3140 ’ὅ
1889 3092 1956 3141 ad
1978 3095 2375 3156 praecedentem

295 3166 525 3215 referens
561 3181 740 3217 vocem
771 3184 864 3231 per
899 3170 1153 3234 syllabam
1185 3187 1266 3219 em
1290 3173 1557 3236 expressit.
1614 3172 1817 3223 Eadem
1840 3190 1951 3239 quse
1974 3175 2061 3226 hic
2084 3192 2116 3227 a.
2139 3194 2236 3241 me,
2264 3177 2373 3227 iam

295 3262 329 3297 a
364 3248 670 3301 casaubono
705 3249 772 3299 ad
805 3250 976 3303 Strab.
1006 3251 1100 3317 IV,
1135 3255 1185 3306 3.
1218 3255 1487 3319 proposita
1518 3261 1598 3306 est
1628 3258 1939 3322 coniectura,
1975 3259 2076 3309 nisi
2114 3260 2249 3323 quod
2278 3260 2373 3311 ille

290 3332 486 3393 foedior
507 3336 590 3396 qui
609 3332 888 3399 legendum
910 3337 1218 3399 suspicatur.
1251 3365 1319 3373 -
1351 3340 1553 3389 Noctem
1575 3370 1641 3380 —
1663 3345 1933 3403 Come-lius)
1959 3341 2047 3393 Sic
2068 3344 2371 3407 praeferunt

294 3419 348 3463 et
380 3416 701 3482 distinguunt
733 3416 866 3465 Pau.
902 3417 1116 3469 eandem
1152 3419 1291 3469 sistit
1322 3420 1497 3472 Ambr.
1532 3423 1834 3489 lectionem,
1886 3426 1990 3474 nisi
2025 3425 2187 3489 quod,
2224 3429 2284 3475 ut
2318 3432 2373 3477 et

293 3496 498 3547 Monac.
537 3502 690 3547 etiam
723 3514 818 3563 pro
851 3516 1031 3563 quoque
1063 3501 1291 3565 exhibet,
1321 3504 1473 3553 aliter
1494 3512 1669 3556 tamen
1693 3507 1854 3557 habet
1874 3507 2188 3573 distinctum,
2212 3509 2371 3559 inter·

292 3581 576 3643 punctione
621 3582 806 3631 maiori
847 3587 967 3646 post
1008 3588 1366 3651 minimamque
1409 3591 1595 3652 posita.
1664 3590 1837 3655 Vulgo
1880 3591 2071 3657 legitur
2104 3595 2158 3642 et
2192 3591 2371 3642 distin-

291 3664 468 3726 guitur
499 3670 699 3725 περάαν
731 3670 967 3730 aspectui,
1001 3674 1191 3718 noctem
1224 3686 1415 3733 quoque,
1440 3675 1715 3721 clariorem.
1762 3672 1824 3721 In
1854 3679 2067 3724 extrema
2092 3680 2193 3727 eius
2222 3682 2367 3739 parte
