2567 4084
1164 162 1287 235 '183

186 350 395 415 noniis
440 350 707 415 multum
752 350 1051 435 distabat,
1095 344 1466 438 piaesertim
1511 349 1626 416 ubi
1655 348 2045 418 tunc'Gothi
2089 352 2249 417 resi-

186 449 451 516 debant.
562 448 735 534 Quid
817 448 1209 535 plurimum?
1315 448 1728 515 Huuimundo
1799 470 1945 517 cum
2015 451 2252 517 Suavis
2296 470 2303 480 ·

186 550 453 613 vastatis
478 548 819 627 Dalmatiis
862 548 944 614 ad
984 568 1099 614 sua
1126 553 1506 631 revertente,
1549 548 1957 631 Theodemir,
1997 568 2248 633 germa-

186 667 305 713 nus
351 646 725 728 Valamiris,
782 647 949 731 regis
1006 646 1361 713 Gothorum
1379 696 1395 729 ,
1453 667 1583 713 non
1638 653 1884 714 tantum
1943 650 2246 713 iacturam

184 734 614 811 armentorum
673 747 928 828 dolens,
1000 751 1308 831 quantum
1368 752 1690 828 metuenS,
1749 766 1830 816 ne
1890 748 2088 815 Suari
2109 796 2125 829 ,
2194 746 2247 811 si

188 846 451 931 impunc
493 846 618 911 hoc
660 846 1088 926 lucrarentur,
1154 844 1239 909 ad
1282 839 1585 911 maiorem
1631 845 1946 911 licentiam
1993 844 2248 932 prosili-

184 952 360 1028 rent,
406 946 497 1011 sic
538 944 833 1027 vigilavit
874 945 943 1010 in
972 962 1189 1011 eorum
1221 944 1514 1026 transitu,
1557 950 1631 1009 ut
1657 946 2035 1033 intempesta
2063 952 2249 1011 nocte

184 1037 569 1112 dormientes
612 1044 945 1109 invaderet
986 1043 1069 1109 ad
1110 1042 1320 1107 lacum
1361 1042 1642 1124 Pelsois,
1689 1050 2104 1130 consertoque
2147 1042 2248 1109 in-

184 1142 449 1227 opinato
506 1143 751 1228 proelio
810 1143 901 1207 ita
958 1162 1069 1207 eos
1126 1140 1471 1227 oppressit,
1535 1148 1608 1205 ut
1665 1143 1856 1207 etiam
1912 1144 2056 1228 ipso
2097 1162 2248 1227 rege

186 1241 603 1309 Hunimundo
664 1248 853 1327 capto
896 1230 1149 1335 omueni
1191 1240 1538 1305 exercitum
1583 1240 1754 1325 eiuS,
1811 1243 1918 1326 qui
1962 1242 2247 1325 gladium

184 1341 569 1423 evasissent,
612 1340 969 1405 Gothorum
1012 1336 1316 1403 subderet
1359 1338 1667 1405 servituti.
1754 1337 1837 1405 Et
1881 1341 2032 1404 dum
2073 1336 2244 1405 mul-2

184 1444 322 1505 tum
389 1446 555 1505 essct
618 1445 863 1505 amator
912 1436 1416 1522 misericordiae,
1476 1438 1644 1505 facta
1699 1440 1938 1505 ultione
1997 1438 2249 1503 veniam

182 1540 597 1622 condonavit,
642 1538 1211 1625 reconciliatusque
1252 1557 1396 1604 cum
1425 1538 1678 1619 Suavis,
1721 1540 2013 1622 eundem,
2059 1538 2248 1624 quem

186 1644 467 1724 ceperat,
500 1638 813 1725 adoptans
842 1637 967 1703 sibi
995 1638 1217 1722 fliium,
1240 1638 1484 1707 remisit
1503 1658 1648 1704 cum
1671 1640 1806 1719 suis
1825 1637 1892 1703 in
1921 1638 2245 1705 suaviam.

184 1736 317 1803 Sed
355 1736 463 1801 ille
502 1739 835 1805 immemor
872 1744 1175 1823 paternae
1220 1742 1461 1825 gratiae
1502 1744 1649 1824 post
1692 1738 1952 1825 aliquod
1995 1744 2246 1823 tempus

180 1844 561 1923 conceptum
606 1832 824 1905 dolum
850 1840 1229 1923 parturiens,
1278 1839 1622 1924 Scyrorum
1639 1842 1903 1921 'gentem
1935 1836 2246 1919 incitavit,

184 1938 296 2023 qui
356 1943 507 2003 tunc
566 1956 761 2023 supra
802 1935 1175 2001 Danubium
1219 1937 1666 2016 considebant,
1727 1942 1790 2001 et
1833 1956 1976 2001 cum
2020 1934 2247 2001 Gothis

98 2067 109 2084 ·
182 2036 448 2123 pacifice
510 2036 955 2120 morabantur,
1026 2045 1337 2123 quatenus
1381 2036 1560 2103 scissi
1602 2034 1686 2101 ab
1731 2054 1950 2100 eorum
1994 2033 2248 2103 foedere

184 2155 531 2223 secumque
590 2135 792 2201 iuncti
844 2136 912 2200 in
954 2155 1129 2201 arma
1170 2136 1534 2223 prosilirent
1575 2141 1956 2221 gentemque
1999 2132 2247 2199 Gotho-

186 2254 333 2300 rum
391 2234 785 2301 invaderent.
872 2237 1055 2302 Tunc
1110 2235 1340 2303 Gothis
1401 2235 1556 2300 nihil
1613 2234 1764 2299 mali
1820 2233 2246 2319 sperantibus,

184 2332 559 2419 praesertim
621 2334 701 2399 de
740 2336 1027 2420 utrisque
1086 2336 1306 2400 amicis
1371 2334 1596 2399 vicinis
1655 2333 1944 2407 confisis,
2006 2332 2248 2397 bellum

186 2431 463 2517 insurgit
522 2454 603 2499 ex
660 2435 1043 2521 improviSO,
1108 2437 1440 2522 coactique
1495 2434 1871 2499 necessitate
1933 2436 2016 2497 ad
2074 2453 2250 2499 arma

183 2530 580 2617 confugiunt,
636 2530 949 2619 solitoque
996 2534 1336 2599 certamine
1381 2539 1636 2619 arrepto
1679 2552 1746 2597 se
1795 2552 2102 2617 suamque
2144 2534 2246 2595 in·
2311 2566 2317 2573 ·

180 2630 417 2695 iuriam
459 2630 868 2699 ulciscuntur.
955 2634 1032 2699 In
1078 2653 1153 2699 eo
1198 2632 1513 2719 siquidem
1553 2632 1800 2719 proelio
1858 2653 1972 2701 rex
2029 2652 2250 2697 eorum

186 2730 479 2795 Valamir
522 2732 673 2797 dum
732 2752 895 2819 equo
954 2734 1235 2799 insidens
1293 2734 1375 2798 ad
1421 2732 1846 2799 cohortandos
1891 2752 2052 2799 suos·
2099 2736 2246 2812 ante

174 2830 381 2894 aciem
429 2839 739 2915 curreret,
798 2831 1214 2918 proturbatus
1272 2853 1473 2919 equus
1532 2833 1766 2899 corruit
1811 2850 2248 2917 sessoremque

183 2948 370 2994 suum
419 2930 678 3011 deiecit,
726 2933 833 3019 qui
878 2954 1028 2999 mox
1060 2934 1460 3000 inimicorum
1504 2934 1740 2999 lanceis
1771 2932 2100 2997 confossus
2144 2933 2245 2995 in-

175 3035 529 3117 teremptus
574 3038 686 3097 est.
778 3032 973 3097 Gothi
1017 3053 1168 3099 vero
1212 3040 1344 3100 tam
1381 3034 1548 3117 regis
1593 3034 1691 3099 sui
1721 3038 2008 3111 mortem,
2055 3050 2248 3117 quam

452 3170 631 3178 «νη-*ὴ

840 3172 1558 3179 -ῡ--κ-ᾡ-*ᾁ-ηὴ-ῆμ-ήῤ--Δφ
1583 3173 1670 3177 ----
1686 3173 1702 3177 ..
1723 3172 1866 3177 .--—-—.
1881 3170 2046 3179 --..——-
2069 3170 2128 3175 -—.
2140 3170 2154 3175 ψ
2195 3170 2244 3175 -..-

171 3243 501 3301 permutatae
532 3240 671 3290 inter
700 3256 785 3292 so:
820 3256 917 3303 quq
948 3242 995 3291 si
1028 3242 1235 3307 legitur,
1269 3242 1472 3291 tollitur
1505 3240 1802 3306 difficultas,
1837 3256 1992 3305 quam
2023 3254 2246 3303 sequeus

170 3322 385 3385 peperit
414 3322 587 3385 locus,
622 3339 811 3389 magna
843 3332 984 3375 certe
1018 3340 1083 3375 ex
1115 3331 1280 3389 parte.
1317 3348 1386 3363 ·-
1429 3326 1497 3373 ad
1531 3328 1700 3375 lacum
1729 3324 1940 3389 Petreio)
1973 3324 2056 3373 De
2088 3323 2248 3388 scrip-

171 3410 297 3455 tura
318 3420 370 3460 v,
394 3420 436 3455 o.
451 3404 541 3457 ¹52.
568 3434 633 3447 --
667 3410 929 3481 Scyros-unt
952 3394 1164 3471 quatem)
1188 3408 1253 3459 In
1273 3410 1416 3474 Epit.
1440 3423 1644 3473 semper
1664 3410 1798 3469 Styri
1817 3405 2164 3457 nominantur.
2177 3432 2247 3445 -

168 3489 513 3555 aparentibus)
550 3490 676 3541 Exc.
712 3494 1095 3557 auspicantibus,
1132 3493 1275 3559 quod
1309 3502 1388 3545 est
1417 3508 1452 3543 a.
1483 3498 1798 3554 correctore,
1839 3506 1993 3555 quom
2025 3491 2245 3555 fugeret,

170 3586 377 3633 operm
410 3575 623 3640 verbum
655 3568 879 3645 ἀπόρως
910 3577 999 3627 hic
1028 3578 1267 3641 usurpari
1301 3593 1334 3628 a.
1367 3576 1615 3639 Iordane,
1651 3580 1712 3625 ut
1749 3588 1906 3639 saepe
1939 3575 2096 3625 alias:
2144 3588 2246 3637 quo
2341 3596 2358 3605 -

172 3654 243 3705 dc
274 3656 425 3706 verbi
458 3670 556 3707 usu
588 3674 638 3709 v.
672 3665 881 3723 praeter
912 3660 1043 3710 alios
1065 3659 1349 3715 Lindenbr.
1377 3658 1447 3710 ad
1478 3660 1732 3709 Ammisn.
1767 3656 1910 3723 xlv,
1947 3654 1997 3723 7,
2033 3660 2084 3709 δ.
