2567 4084
1185 128 1307 193 107

203 305 360 371 flluc
417 306 640 371 oculos
699 308 968 373 volvens
987 356 1006 389 ,
1063 326 1234 373 nunc
1278 308 1471 373 situm
1514 307 1691 373 urbis
1734 314 2283 398 commeatumque

202 405 472 469 navium
493 454 511 489 ,
555 426 724 471 nunc
767 408 1016 471 moenia
1059 407 1228 473 clara
1269 411 1685 494 prospectans
1728 407 2025 490 miratur,
2069 430 2282 496 popu-

201 503 434 589 losque
477 503 872 569 diversarum
913 505 1198 589 gentium
1241 507 1427 591 quasi
1467 506 1642 571 fonte
1692 504 1763 571 in
1818 526 1947 571 uno
1992 526 2027 571 e
2064 508 2279 573 diver-

203 604 298 669 sis
342 604 634 691 partibus
675 604 1056 673 scaturiente
1098 604 1272 669 unda
1289 653 1307 688 ,
1369 606 1461 671 sic
1504 624 1755 691 quoque
1798 605 2065 671 militem
2104 606 2281 672 ordi-

201 707 432 767 natum
474 702 823 789 aspiciens:
881 703 1060 767 Deus
1077 752 1094 786 ‚
1140 704 1383 790 inquit,
1434 704 1573 769 sine
1614 703 1813 769 dubio
1856 708 2141 771 terrenus
2182 711 2281 771 est

199 802 587 887 imperator,
649 810 712 869 et
769 805 1055 890 quisquis
1109 803 1418 869 adversus
1472 824 1619 869 eum
1670 822 1929 869 manum
1984 805 2278 887 moverit,

165 901 350 987 „ipse
394 900 494 965 sui
538 904 861 985 sanguinis
887 922 1033 968 reus
1063 902 1328 967 exsistit.
1390 903 1468 966 In
1510 902 1625 967 tali
1668 922 1819 986 ergo
1864 902 2281 967 admiratione

198 1000 446 1065 maiore
491 1021 531 1064 a
573 1002 860 1088 principe
903 1003 1144 1067 honore
1188 1001 1504 1081 suffultuS,
1549 1002 1773 1087 paucis
1810 1001 2135 1068 mensibus
2176 1002 2279 1066 in-

199 1100 484 1164 teriectis
529 1101 609 1165 ab
653 1102 774 1166 hac
815 1101 957 1165 luce
1001 1102 1315 1184 migravit.
1404 1100 1613 1185 Quem
1654 1102 1951 1186 princeps
1992 1101 2279 1167 affectio-

198 1199 306 1265 nis
364 1201 572 1284 gratia
623 1220 828 1287 paene
883 1201 1030 1287 plus
1073 1207 1394 1265 mortuum
1439 1219 1629 1287 quam
1671 1200 1894 1264 vivum
1936 1200 2276 1283 honorans,

201 1299 440 1383 dignae
481 1301 746 1365 tradidit
787 1301 1188 1387 sepulturae,
1231 1300 1371 1385 ipse
1400 1319 1667 1386 ‚quoque
1710 1299 1778 1363 in
1804 1301 2141 1384 exsequiis
2182 1299 2277 1365 fe—

199 1405 376 1464 retro
421 1399 557 1465 eius
586 1400 909 1487 praeiens,
994 1400 1317 1466 Defuncto
1364 1419 1513 1483 ergo
1554 1398 1947 1465 Athanarico
2012 1405 2277 1465 cunctus

203 1498 344 1563 eius
400 1501 716 1566 exercitus
769 1500 836 1563 in
896 1500 1156 1565 servitio
1199 1498 1551 1564 Theodosii
1595 1498 1995 1584 imperatoris
2037 1497 2278 1584 perdu-

201 1617 377 1681 rans,
409 1599 701 1663 Romano
729 1619 797 1663 se
827 1599 1094 1683 imperio
1124 1599 1427 1681 subdenS‚
1472 1618 1617 1663 cum
1645 1597 1845 1663 milite
1873 1596 2052 1663 velut
2080 1617 2278 1661 unum

200 1716 442 1783 >corpus
505 1697 738 1778 efficit,
803 1699 1154 1783 militiaque
1211 1699 1321 1765 illa
1378 1699 1617 1763 dudum
1678 1697 1798 1763 sub
1859 1696 2277 1763 Constantino

197 1797 497 1883 principe
539 1798 1038 1865 Foederatorum
1082 1807 1409 1885 renovata,
1456 1803 1521 1861 et
1560 1798 1685 1881 ipsi
1728 1797 1881 1861 dicti
1922 1802 2071 1859 sunt
2110 1795 2277 1860 Foe-

205 1896 435 1961 derati.
495 1898 550 1963 E
595 1900 826 1983 quibus
872 1902 1216 1987 imperator
1261 1905 1483 1965 contra
1511 1896 1867 1980 Eugenium
1910 1900 2275 1979 tyrannum,

204 1996 318 2083 qui
365 1997 576 2063 occiso
623 1998 925 2065 Gratiano
972 2000 1214 2067 Gallias
1259 2000 1666 2084 occupasset„
1728 1994 1872 2079 plus
1930 2014 2122 2082 quam
2174 1994 2276 2059 vi-

199 2096 367 2180 ginti
410 2097 610 2162 millia
654 2106 1039 2167 armatorum
1083 2099 1303 2165 fideles
1346 2098 1471 2165 sibi
1515 2103 1578 2162 et
1623 2096 1861 2159 amicos
1915 2092 2277 2179 intelligens

204 2310 432 2373 Insuper
461 2310 557 2358 illa
585 2312 785 2373 famam
817 2313 1042 2361 videlicet
1072 2318 1242 2361 tantae
1273 2312 1409 2361 urbis
1442 2310 1582 2373 apud
1616 2324 1722 2373 eos,
1770 2309 1862 2373 qui
1894 2309 2084 2359 scrinia
2114 2307 2279 2358 nostri

207 2392 586 2457 compilarunt,
633 2400 866 2444 auctores
907 2394 1175 2443 Historiae
1215 2395 1287 2443 M.
1329 2394 1703 2457 Excerptorum
1718 2429 1732 2457 ‚
1785 2391 2093 2443 Rodericum
2142 2390 2276 2455 dico,

201 2489 312 2525 non
348 2481 670 2539 comparent:
725 2492 829 2541 qua
860 2493 916 2526 re
953 2492 1246 2541 quanquam
1277 2490 1385 2525 non
1416 2478 1695 2539 probatur,
1730 2474 1825 2523 illa
1856 2490 1889 2522 a
1916 2473 2137 2524 Iordane
2168 2486 2277 2523 non

203 2571 320 2607 esse
352 2559 617 2623 profecta,
662 2560 716 2608 id
749 2565 922 2610 tamen
957 2560 1079 2610 inde
1111 2564 1284 2623 potest
1318 2560 1495 2623 colligi
1514 2595 1528 2623 ,
1574 2560 1660 2608 vel
1694 2562 1987 2621 corruptum
2018 2557 2076 2605 in
2106 2556 2278 2605 locum

201 2639 454 2691 incidisse
495 2642 615 2691 illos
659 2644 747 2692 vel
789 2658 884 2707 pro
931 2641 1183 2706 corruptis
1230 2646 1369 2691 certe
1402 2642 1647 2691 habuisse
1678 2641 1840 2691 verba
1870 2641 1971 2689 ista
1989 2675 2003 2703 ‚
2055 2638 2281 2703 ideoque

203 2738 352 2772 more
384 2739 480 2773 suo
515 2726 761 2787 omisisse.
836 2726 948 2774 Iam
979 2740 1102 2775 vero
1135 2740 1228 2789 pro
1259 2727 1461 2788 famam
1494 2725 1708 2789 legerim
1735 2723 1901 2786 fama,
1934 2728 1996 2772 ut·
2022 2721 2282 2786 pertineat

205 2807 342 2856 haec
376 2822 480 2856 vox
513 2808 582 2855 ad
615 2792 876 2857 audiebam
908 2810 1139 2871 verbum,
1175 2812 1268 2857 aut
1295 2808 1483 2873 famae,
1529 2813 1590 2858 ut
1620 2808 1874 2857 referatur
1904 2806 1975 2855 ad
2004 2807 2280 2856 ineredulus

203 2894 261 2939 et
293 2886 513 2955 genitivi
546 2896 716 2940 tantae
747 2892 882 2941 urbis
915 2906 1073 2955 quum
1109 2892 1435 2941 substantivo
1455 2928 1469 2956 ‚
1505 2906 1570 2941 ex
1604 2906 1707 2955 quo
1738 2890 2017 2955 pendeant,
2053 2892 2279 2953 careant,

201 2972 521 3022 vocabulum
563 2977 960 3037 maffldtudinem
993 2976 1079 3025 vel
1109 2978 1533 3039 maym’fieentiam
1578 2974 1743 3040 (quod
1777 2974 1966 3025 sistunt
1996 2971 2150 3039 Exc.)
2192 2972 2281 3022 vel

203 3054 354 3105 aliud
389 3055 512 3118 quid
543 3057 650 3106 tale
683 3057 1027 3125 supplendum
1041 3086 1048 3089 -
1064 3058 1318 3107 existimo.
1361 3056 1541 3107 Potuit
1572 3063 1749 3107 autem
1776 3057 1832 3106 id
1858 3059 2021 3113 etiam
2056 3056 2183 3119 fieri,
2220 3060 2281 3106 ut

201 3154 310 3189 vox
341 3142 570 3189 videlicet
602 3156 631 3189 e
667 3140 869 3190 duabus
903 3140 1180 3190 coaluerit=
1235 3140 1373 3204 quod
1406 3142 1451 3189 si
1468 3140 1695 3204 -aecidit,
1730 3141 2008 3205 legendum
2042 3141 2277 3203 fortasse,

203 3223 350 3271 video
385 3223 588 3271 delicias
623 3228 792 3273 tantae
823 3224 972 3272 urbis.
1009 3248 1078 3261 —
1111 3221 1343 3289 quisquis)
1387 3222 1487 3276 Ed.
1525 3222 1672 3273 Grut.
1706 3229 1924 3288 quisque,
1970 3222 2106 3287 quod
2138 3222 2278 3271 idem

203 3306 350 3355 valet
393 3320 765 3371 nonnunquam
799 3305 938 3371 quod
970 3310 1186 3370 quisquis
1215 3308 1305 3357 vel
1336 3312 1618 3369 quicumque.
1678 3334 1745 3345 --
1796 3303 2007 3372 maiore)
2056 3305 2141 3354 Ita
2192 3304 2275 3355 ed.

207 3388 358 3439 Grut.
397 3404 514 3438 cum
547 3390 673 3439 Exc.
709 3407 757 3440 v.
793 3395 1088 3454 mioreque.
1124 3418 1193 3429 --
1226 3396 1427 3441 cunctus
1460 3395 1564 3441 eius
1595 3388 1845 3455 werdun)
1880 3390 1969 3439 Sic
1992 3388 2125 3441 Pall.
2146 3388 2277 3437 Exe.

203 3472 349 3537 Epit.
389 3479 590 3523 cunam
623 3478 854 3523 exercitus
885 3473 1061 3537 vulgo.
1097 3498 1160 3511 --
1192 3470 1375 3539 infecit)
1408 3474 1492 3524 Ita.
1524 3488 1619 3539 pro
1652 3474 1792 3538 vulg.
1824 3474 1977 3536 efficit
2008 3472 2140 3521 Pau.
2184 3470 2279 3521 sed

204 3554 382 3605 Ambr.
419 3570 536 3605 cum
559 3556 684 3605 Exc.
722 3558 944 3619 efficitur.
981 3582 1048 3593 -··
1079 3555 1375 3623 militiaqoe)
1410 3556 1499 3607 Sic
1530 3573 1625 3622 pro
1658 3560 1911 3619 milliaque
1942 3554 2275 3607 PalL-Ambr.

203 3637 311 3703 Mg.
346 3639 465 3687 Par.
501 3638 630 3689 Exo.
669 3639 748 3689 ed.
782 3639 1082 3690 Lindenbr:
