2567 4084
1123 174 1244 242 1⁶3

148 353 515 418 Arvernate
529 351 720 437 hosti,
749 352 840 419 ad
863 354 1100 419 tutiora
1127 354 1371 421 seaelooa
1398 355 1670 441 collegit.
1699 392 1705 395 -
1728 357 1921 443 Quod
1947 361 2253 431 audiens.-

147 452 371 539 Nepos
411 452 759 539 imperator
799 453 1126 540 praecepit
1165 454 1433 521 Ecdicio
1478 455 1717 521 relictis
1744 442 1972 524 Galliis
2018 461 2101 525 ad
2145 480 2215 528 se

147 552 390 629 venire,
429 550 500 615 in
539 550 752 619 locum
795 552 932 618 eius
971 552 1201 618 Oreste
1241 556 1543 639 magistro
1588 555 1857 623 militum
1898 559 2213 627 ordinato.

150 650 282 736 Qui
311 651 575 717 Orestes
613 657 912 738 suscepto
957 652 1242 718 exercitu
1281 658 1347 718 et
1390 660 1610 720 contra
1636 654 1853 723 hostes
1882 658 2213 743 egrediens

147 771 184 816 a
227 750 436 817 Roma
477 751 850 817 Ravennam
894 752 1188 837 pervenit
1203 800 1221 836 .,
1265 752 1489 841 ibique
1528 765 1881 823 remoratus
1896 806 1915 843 ,
1981 763 2215 844 Augu-

147 849 386 916 stulum
427 850 629 916 filium
672 870 858 917 suum
899 852 1349 937 imperatorem
1392 854 1603 920 efficit.
1696 854 1840 941 Quo
1884 863 2241 944 comperto·

145 950 372 1035 Nepos
410 950 574 1034 fugit
615 950 970 1017 Dalmatiae
1011 950 1232 1037 ibique
1276 952 1493 1017 deficit
1522 954 1811 1039 privatus
1836 974 2055 1041 regno,
2098 956 2217 1023 ubi

147 1052 278 1116 iam
315 1049 658 1133 Glycerius‘
708 1051 951 1117 dudum
1004 1051 1356 1137 imperator
1410 1052 1849 1139 episcopatum
1892 1054 2217 1121 Salonita·

75 1174 90 1197 ·
147 1170 304 1214 num
349 1149 648 1215 habebat.
2095 1178 2101 1184 ²

313 1246 556 1319 XLVI.
639 1253 1006 1338 Augustulo
1050 1273 1204 1319 vero
1247 1271 1289 1317 a
1330 1260 1513 1337 patre
1543 1252 1767 1317 Oreste
1810 1252 1875 1317 in
1898 1253 2213 1319 Ravenna

145 1351 528 1435 imperatore
571 1352 862 1417 ordinato
905 1370 1035 1417 non
1077 1352 1347 1418 multum
1390 1356 1537 1437 post
1580 1350 1874 1417 Odoacer
1898 1400 1916 1435 ,
1982 1352 2211 1417 'Porci-

81 1458 88 1473 '
145 1450 464 1533 lingorum
509 1468 659 1532 rex,
723 1450 967 1517 habens
1012 1470 1229 1518 seeum
1271 1451 1543 1535 seyme,
1599 1450 1873 1516 Herulos
1918 1450 2209 1516 diver-sa-
2246 1488 2251 1495 -

144 1568 416 1635 rumque
457 1550 740 1634 gentium
776 1550 1166 1632 auxiliarios,
1211 1550 1467 1615 Italiam
1508 1550 1849 1635 occupavit
1892 1550 2211 1615 etOresto

144 1652 480 1715 interfecto
526 1649 957 1733 Augustulum
1013 1650 1216 1715 filium
1274 1648 1413 1713 eius
1472 1648 1575 1713 de·
1606 1668 1803 1733 regno
1846 1649 2102 1735 pulsum
2142 1648 2211 1715 in
2244 1704 2248 1709 .

146 1749 536 1822 Lucullano
566 1748 954 1837 Campaniae
1027 1748 1287 1815 castello
1362 1748 1537 1813 exilii
1590 1767 1799 1833 poena
1864 1748 2211 1814 damnavit.

149 1849 260 1915 Sio
304 1869 558 1935 quoque
600 1849 982 1936 Hesperium
1013 1849 1341 1915 Romanae
1382 1847 1589 1932 gentis
1630 1846 1988 1934 imperium,
2036 1847 2245 1934 quod.

145 2095 372 2159 Ecdicio)
440 2094 543 2161 Mg.
589 2095 706 2145 Par.
753 2100 802 2145 et
848 2096 1072 2145 Decium.
1108 2120 1176 2131 --
1213 2090 1401 2159 Oreste)
1468 2094 1641 2144 Ambr.
1680 2094 1851 2143 Oroete
1893 2108 2109 2159 semper.
2144 2122 2210 2135 --

137 2181 276 2243 [κρῆ
311 2176 620 2243 Dalmatius)
683 2176 830 2228 Haeo
873 2182 954 2229 est
983 2178 1140 2228 leotio
1173 2176 1252 2227 ed.
1287 2192 1368 2242 pr.
1402 2176 1679 2242 Freeulph.
1714 2176 1855 2241 Epit.
1891 2192 1984 2241 pro
2020 2192 2123 2241 qua
2154 2180 2213 2228 in

149 2266 444 2313 Dalmatius
477 2260 714 2311 exhibuit
745 2260 1028 2312 Rhenanus
1041 2296 1056 2324 ,
1103 2274 1204 2325 quo
1239 2266 1415 2311 tamen
1445 2260 1586 2323 iure,
1620 2258 1801 2309 videas
1834 2271 1900 2310 ex
1932 2266 2107 2311 annot.
2143 2259 2214 2311 ad

150 2343 194 2397 e.
233 2348 287 2398 7.
325 2372 392 2383 —-
419 2348 650 2409 privam
681 2348 850 2407 reque)
901 2342 992 2394 sio
1023 2342 1166 2395 dedit
1197 2344 1393 2408 primus
1426 2342 1737 2404 Rhenanus3
1772 2356 1893 2393 nam
1924 2342 1983 2392 in
2016 2343 2097 2395 ed.
2128 2332 2211 2409 pr.

139 2432 378 2496 privam
409 2443 444 2474 a
475 2438 622 2489 reyno
654 2427 862 2494 legitur.

283 2510 414 2577 Gap.
448 2509 639 2561 XLVI.
705 2510 984 2575 Αιιςωωῐο
1015 2508 1427 2559 vero—ordinato
1459 2502 1559 2557 hon
1578 2510 1792 2557 multumt
1808 2514 1924 2573 post
1944 2508 2069 2575 eet.)
2121 2508 2213 2560 Sio

147 2590 576 2659 distinguendum
623 2592 709 2643 vel
750 2596 1036 2658 praeeunte
1069 2591 1363 2657 Freoulpho
1408 2595 1464 2641 et
1506 2604 1541 2641 a
1586 2590 1761 2642 verbis
1792 2591 2065 2654 Auyuotulo
2094 2606 2210 2642 vero

148 2682 311 2743 eaput
331 2675 694 2743 inchoandum,
728 2692 850 2739 non,
887 2674 1316 2741 quemadmodum
1337 2675 1461 2725 feeit
1476 2675 1779 2737 Vulcanius,
1804 2678 1865 2723 ut
1886 2674 1953 2725 ab
1974 2674 2212 2727 Odoaero

146 2766 310 2826 eaput
351 2758 604 2809 ordiretur
623 2794 638 2823 ,
687 2759 764 2808 ita
777 2794 794 2823 ‚
843 2760 1078 2821 habebat,
1132 2760 1406 2821 Auyustulo
1441 2773 1477 2806 a
1506 2764 1648 2822 patre
1686 2759 1853 2808 Oreste
1882 2761 1939 2807 in
1970 2759 2212 2809 Ravenna

142 2846 446 2907 imperatore
481 2842 725 2891 ordinato.
795 2842 907 2892 Non
938 2844 1155 2892 molitam
1181 2846 1298 2904 pose
1322 2842 1547 2891 Odoacar
1570 2846 1667 2892 cet.
1702 2841 1917 2909 expulsa.
1948 2854 2061 2891 vero
2093 2854 2215 2905 par·

143 2924 312 2977 tioula
329 2962 344 2989 ,
399 2938 554 2990 quam
609 2924 732 2975 libri
779 2931 832 2977 et
876 2924 1055 2991 scripti
1098 2930 1152 2976 et
1193 2924 1429 2989 impressi
1472 2924 1669 2990 priores
1703 2938 1880 2975 omnes
1913 2927 2107 2975 tenent.
2142 2948 2213 2965 -·

148 3005 390 3074 Odoacar)
457 3006 546 3059 Sio
590 3006 722 3058 Pan.
765 3012 875 3059 tam
917 3008 1004 3058 hio
1049 3022 1203 3073 quam
1235 3008 1300 3059 R.
1336 3006 1389 3059 S.
1426 3022 1471 3059 o.
1508 3008 1621 3057 103.
1657 3008 1813 3058 etiam
1844 3006 2119 3072 Freoulph.
2155 3010 2213 3059 et

139 3092 291 3157 Epit.
336 3088 554 3141 efferunt
583 3090 662 3141 ita
693 3090 794 3141 viri
829 3106 1016 3142 nomen
1030 3128 1044 3155 ‚
1089 3090 1359 3141 Ennodius
1394 3104 1601 3155 quoque
1633 3090 1741 3144 Vit.
1776 3090 2037 3155 Epiphan.
2074 3104 2211 3140 oom-

139 3174 386 3241 pluribus
400 3173 529 3225 loeis
551 3178 604 3224 et
619 3172 955 3225 Cassiodorus
971 3174 1096 3229 Var.
1113 3174 1185 3239 11,
1207 3176 1283 3224 16.
1303 3173 1393 3238 IV,
1412 3176 1495 3225 38.
1524 3173 1604 3223 ed.
1626 3174 1801 3228 Garet.
1834 3174 2017 3237 Neque
2033 3178 2210 3223 tamen
2292 3196 2299 3200 -

142 3256 336 3307 desunt
356 3293 370 3320 ,
423 3258 514 3322 qui
544 3269 579 3306 a
611 3258 752 3323 vulg.
792 3258 1044 3307 Odovaeer
1075 3262 1212 3309 stent
1231 3293 1245 3320 ,
1279 3262 1342 3307 ut
1372 3257 1511 3307 idem
1546 3256 1881 3309 Cassiodorus
1916 3254 2104 3307 Chron.
2140 3254 2211 3307 ad
2322 3306 2328 3317 ,

141 3355 269 3393 ann.
291 3340 408 3392 47⁶.
442 3340 560 3393 481.
597 3342 718 3392 487.
754 3340 874 3394 489.
907 3340 1026 3395 490.
1061 3342 1180 3394 491.
1213 3340 1331 3389 493.
1354 3367 1421 3378 -
1450 3336 2209 3405 Toreainyorum'reae)1taPall.
2240 3368 2245 3372 ·

141 3438 264 3476 oum
293 3423 572 3489 Freoulph.
606 3424 732 3475 item
763 3424 940 3474 noster
969 3422 1032 3473 R..
1058 3422 1114 3475 S.
1149 3438 1196 3475 o.
1222 3422 1337 3473 103.
1370 3422 1483 3473 illio
1512 3428 1685 3473 tamen
1718 3426 1739 3470 t
1770 3422 1998 3487 aspirato
2018 3434 2213 3473 nomen

139 3510 587 3573 repraesentatur3
629 3507 846 3573 vulgata
891 3508 1289 3571 &redamet-um*
1330 3521 1363 3557 a
1394 3506 1647 3557 Rhenano
1690 3511 1795 3568 est3
1850 3518 1971 3555 nam
2006 3504 2088 3557 ed.
2118 3518 2206 3570 pr.
2240 3515 2244 3519 ⁴

146 3590 514 3652 streiliyomm
563 3592 793 3644 exhibet.
828 3617 896 3629 —··
927 3594 986 3640 in
1031 3590 1381 3641 Lucullam—
1396 3588 1617 3656 οωτειιο)
1683 3586 1767 3637 Ita
1816 3588 2014 3653 primus
2064 3586 2212 3640 dedit

137 3672 494 3725 Leunolavius
506 3688 521 3736 ;
555 3686 674 3725 nam
708 3674 823 3728 edd.
860 3688 938 3740 pr.
973 3674 1226 3726 Lueulano
1262 3672 1526 3726 exhibent.
1552 3698 1617 3710 --
1648 3672 1731 3723 Sic
1762 3669 1959 3737 quoque)
1993 3671 2207 3723 Mallem

849 3792 852 3797 .
1695 3757 1757 3805 11
1771 3752 1806 3786 «-
