2567 4084
1233 146 1355 211 142
1414 216 1420 219 .

272 328 339 393 in
381 330 516 393 vita
555 346 674 393 sua
713 327 1078 414 conspicere
1121 324 1437 414 potuisset
1476 326 1789 411 egregiae,
1832 325 1943 411 qui
1983 324 2171 391 huius
2194 323 2329 390 mi-

270 424 470 491 raculi
525 425 884 511 privaretur
939 433 1220 513 aspectu.
1318 425 1485 492 Nam
1542 425 1599 491 si
1652 425 2007 493 senioribus
2064 414 2329 489 eredere

269 524 366 589 fas
407 528 524 607 est,
568 523 816 591 rivulus
859 526 1186 595 memorati
1227 525 1437 611 campi
1478 524 1703 591 humili
1744 526 1887 612 ripa
1924 520 2329 611 praelabens,

267 612 742 709 peremptorum
782 624 1156 691 vulneribus
1199 624 1509 709 sanguine
1551 624 1751 691 multo
1793 628 2153 711 provectus,
2184 642 2329 688 non

265 728 490 790 auctus
533 723 866 807 imbribuS‚
910 730 981 789 ut
1022 724 1291 806 solebat,
1338 722 1453 789 sed
1492 723 1737 810 liquore
1764 724 2115 789 concitatus
2140 723 2327 787 inso-

266 820 412 904 lito,
455 826 704 887 torrens
746 822 950 889 factus
993 827 1090 889 est
1131 822 1373 887 cruoris
1414 828 1775 909 augmento.
1857 823 1943 887 Et
1962 842 2143 908 quos
2183 821 2328 887 illic

263 981 447 1047 Neque
479 984 644 1048 magis
663 1019 677 1047 ‚
713 984 803 1048 qui
837 976 1212 1057 exscripserunt
1257 989 1503 1048 nostrum,
1550 983 1827 1049 quidquam
1868 985 2051 1033 iuvant
2070 1021 2083 1048 ‚
2132 988 2192 1033 ut
2228 982 2329 1047 qui

265 1064 447 1115 offensi
499 1070 736 1130 corrupta
784 1067 887 1116 iam
933 1068 1056 1117 olim
1081 1066 1323 1126 xlectione
1367 1068 1537 1117 Iocum
1556 1103 1570 1131 ,
1622 1071 1681 1117 ut
1712 1066 1882 1117 solent
1913 1066 1969 1115 in
2003 1064 2325 1129 depravatis,

262 1149 676 1212 praetermisere,
721 1155 936 1214 excepto
968 1164 1074 1201 uno
1108 1150 1396 1212 Roderico‚
1444 1149 1535 1213 qui
1556 1149 1741 1199 'tamen
1774 1149 1970 1212 etipse
2002 1146 2208 1207 vitiato,
2240 1149 2329 1195 -ut

260 1229 482 1294 videtur,
516 1230 652 1281 libro
683 1244 824 1297 usus,
858 1234 1100 1285 vitiosam
1134 1232 1345 1283 exhibet
1374 1232 1668 1298 lectionem,
1702 1239 1761 1283 ut
1790 1236 1917 1283 niba
1948 1236 2081 1291 esset,
2114 1230 2247 1291 quod
2264 1232 2329 1277 in

260 1316 368 1361 vita
414 1328 507 1363 sua
559 1318 770 1376 conspici
804 1316 896 1379 (al.
931 1315 1245 1381 conspicere)
1273 1319 1513 1378 potuisset
1552 1319 1790 1379 eyreye‘ue,
1838 1319 1920 1379 qm·
1952 1316 2095 1363 buius
2127 1316 2321 1373 epecta-

263 1398 361 1445 culi
399 1408 500 1457 non
537 1399 712 1457 fuisset
744 1402 1116 1461 contemplator.
1183 1398 1353 1465 Igitur
1394 1403 1454 1448 ut
1496 1398 1698 1449 medela
1730 1398 1975 1449 afferatur
2004 1396 2146 1458 loco,
2193 1408 2315 1443 con-

259 1478 561 1543 fugiendum
597 1480 662 1530 ad
697 1479 1101 1530 coniectandum.
1137 1480 1209 1530 Et
1240 1481 1503 1531 levissima
1537 1479 1743 1545 quidem
1774 1479 2061 1528 mutatione
2094 1475 2317 1541 quodam

259 1562 425 1612 iuvari
447 1564 611 1627 possit
633 1563 800 1626 mod0,
836 1564 882 1613 si
903 1568 1146 1627 eyreqium
1169 1564 1331 1629 legas,
1357 1578 1649 1627 quanquam
1671 1564 1746 1612 ita
1768 1563 1893 1612 satis
1915 1561 2092 1610 ieiuna
2112 1558 2319 1609 exsistit

260 1646 535 1695 sententia.
601 1646 814 1697 Interim
845 1662 952 1696 non
985 1647 1315 1699 sollicitanda
1352 1662 1455 1697 vox
1486 1649 1724 1709 eyn-eolus,
1771 1644 1862 1697 sed
1893 1644 2189 1707 retinenda,
2235 1645 2321 1694 ita

259 1732 432 1777 tamen
445 1764 460 1787 ,
508 1732 569 1778 ut
600 1742 693 1792 pro
728 1731 1074 1793 comparativo
1107 1730 1395 1795 accipiatur
1408 1768 1421 1795 ‚
1470 1744 1571 1794 qua
1602 1728 1980 1795 significatione
1994 1766 2007 1793 ‚
2052 1730 2323 1779 rarissime

260 1822 595 1874 quamquam,
631 1812 820 1878 legitur
855 1828 971 1863 cum
1003 1813 1142 1878 apud
1173 1814 1383 1865 Lucret.
1426 1812 1530 1876 IV,
1569 1814 1689 1865 468.
1714 1819 1767 1863 et
1788 1814 2021 1863 Iuvenal.
2066 1811 2176 1863 Sat.
2210 1813 2321 1876 XI,

259 1892 346 1943 12.
373 1896 485 1941 tum
517 1893 656 1958 apud
691 1895 979 1949 cassiodor.
1012 1896 1132 1946 Lib.
1169 1895 1235 1947 de
1249 1896 1423 1947 Anim.
1448 1912 1490 1946 c.
1518 1898 1599 1949 19.
1634 1895 1701 1962 (c.
1730 1898 1805 1946 12.
1833 1895 1913 1946 ed.
1940 1895 2141 1955 Garet.)
2173 1899 2314 1944 inter

258 1986 410 2036 opera
437 1990 601 2028 rerum
633 2004 698 2013 —
731 1979 858 2027 nihil
903 1982 1116 2042 eyreyim
1144 1982 1388 2043 probatur
1419 1983 1615 2031 existere
1648 1994 1798 2043 quam
1829 1980 2146 2034 substantiae
2160 1981 2315 2040 spiro·—

259 2061 430 2107 tuales.
495 2059 700 2110 Intacta
728 2060 906 2125 itaque
937 2076 1066 2112 voce
1097 2063 1192 2112 illa
1223 2062 1466 2113 mendum
1488 2062 1614 2113 alibi
1640 2060 2002 2127 quaerendum,
2038 2065 2091 2110 et
2112 2062 2157 2111 si
2179 2060 2313 2124 quid

255 2140 426 2202 video,
462 2148 554 2191 aut
584 2144 830 2209 negativa
861 2144 1056 2193 inserta
1085 2144 1362 2211 legendum
1394 2160 1497 2195 non
1522 2149 1804 2209 privaretur
1821 2181 1835 2209 ‚
1868 2149 1965 2195 aut
1992 2144 2117 2193 huic
2146 2143 2311 2193 verbo

256 2222 402 2271 aliud
431 2225 860 2287 substituendum,
895 2226 1036 2289 quod
1069 2225 1301 2290 eandem,
1339 2241 1492 2291 quam
1526 2228 1821 2279 coniectura
1848 2226 2001 2278 modo
2024 2225 2311 2291 proposita,

257 2306 496 2357 conficiat
522 2309 846 2372 sententiam,
869 2308 1010 2374 quod
1025 2314 1415 2373 participaretur
1434 2326 1547 2363 esse
1566 2311 1697 2361 mihi
1717 2311 1936 2362 videtur.
1975 2308 2311 2362 commodam

256 2393 392 2443 certe
443 2391 754 2457 planamque
797 2392 1095 2442 utramlibet
1130 2394 1315 2443 harum
1364 2396 1771 2445 coniecturarum
1815 2394 2085 2458 amplexus
2126 2393 2311 2457 suetis,

153 2534 162 2540 Ω
253 2472 471 2523 habebis
511 2476 834 2528 sententiam.
872 2474 1550 2543 -rn‘malue—pmelrrbem)
1606 2477 1757 2528 Haec
1800 2482 1881 2528 est
1919 2477 2074 2527 lectio
2108 2476 2191 2528 ed.
2222 2490 2310 2540 pr.

255 2570 410 2619 quam
440 2556 497 2605 in
524 2559 788 2619 prolabens
817 2560 1040 2611 mutavit
1057 2559 1355 2624 Rhenanus,
1388 2561 1725 2624 sequentibus
1754 2561 1970 2625 reliquis
2002 2558 2313 2611 editoribus.

255 2636 522 2703 Significat
554 2645 728 2691 autem
758 2643 974 2693 verbum
1003 2644 1230 2705 praelabi
1261 2643 1399 2694 idem
1428 2645 1703 2709 interdum,
1738 2644 1877 2709 quod
1895 2642 2203 2708 praeterlabi,
2244 2647 2317 2691 ut

253 2718 418 2777 Solin.
457 2737 501 2771 c.
537 2723 620 2786 37,
655 2724 702 2772 2.
737 2724 1010 2786 Euphratee
1022 2727 1387 2789 -praelabens
1411 2732 1661 2791 plau-lame
1690 2733 1883 2790 qentee:
1920 2739 2227 2790 quamquam
2260 2724 2312 2775 si

253 2804 454 2853 sincera
485 2810 564 2853 est
593 2805 748 2855 lectio
779 2807 1020 2857 restituta
1049 2823 1083 2858 a
1113 2824 1214 2871 me,
1247 2812 1485 2860 humilem
1508 2814 1675 2873 ripam
1707 2811 1917 2859 mallem
1936 2810 2126 2873 legere.
2180 2805 2308 2857 Alio

251 2893 428 2937 tamen
467 2884 612 2937 ducit
643 2886 788 2951 Epit.
823 2888 880 2937 in
921 2903 1026 2952 qua
1067 2890 1282 2955 legitur,
1318 2896 1400 2955 qui
1433 2892 1681 2959 (rivulus)
1712 2894 1891 2943 bamili
1920 2896 2035 2953 ripa
2068 2903 2333 2960 campum'

242 2970 537 3033 perlabitur,
572 2970 718 3021 euius
739 2971 1018 3023 lectionem
1033 2975 1079 3024 si
1095 2988 1389 3040 sequamur,
1422 2974 1698 3042 legendum
1718 2964 2049 3025 memoraffim
2066 2988 2307 3035 eampum

249 3054 428 3101 humili
471 3055 586 3113 ripa
623 3054 900 3117 perlabens,
941 3057 1045 3107 nisi
1077 3058 1295 3108 fortasse
1328 3058 1563 3111 Iordanis
1594 3060 1709 3123 ipse
1740 3060 1946 3123 scripsit
1976 3059 2153 3106 humili
2182 3057 2311 3117 ripa

249 3135 418 3185 labem
435 3140 506 3185 :et
535 3134 786 3188 lectiones
813 3140 1106 3200 praelabens
1139 3144 1193 3190 et
1217 3142 1479 3204 per-labem
1510 3142 1760 3207 originem
1792 3156 1937 3193 suam
1968 3138 2190 3189 librariis
2212 3136 2313 3188 de·

246 3216 375 3267 bent
388 3253 404 3281 ‚
457 3218 549 3283 qui
599 3220 911 3285 geminatam
959 3236 1054 3286 per
1099 3224 1455 3275 oscitationem
1494 3238 1827 3291 praegressae
1870 3224 2012 3275 vocis
2042 3222 2309 3294 syllabam

246 3301 484 3351 ultimam
487 3316 562 3365 pa
573 3316 668 3367 pro
677 3303 1060 3369 praepositione
1071 3307 1430 3371 compendiose
1453 3307 1644 3370 scripta
1664 3306 1977 3371 accipientes
1998 3305 2307 3354 alterutram

245 3384 454 3434 illarum
485 3400 668 3435 vocum
703 3394 1080 3451 expresserunt.
1115 3418 1175 3427 —
1207 3394 1489 3453 provectus)
1520 3389 1655 3439 Pall-
1680 3395 1941 3452 provectus
1974 3393 2057 3437 eet.
2081 3414 2149 3427 --
2178 3402 2307 3436 auc·

247 3465 348 3533 tm)
427 3467 579 3517 Haec
617 3468 774 3520 lectio
787 3505 800 3532 ,
854 3483 1008 3534 quam
1047 3472 1346 3535 praeferunt
1392 3470 1519 3521 Exc.
1566 3486 1771 3538 quoque
1812 3478 1867 3521 et
1908 3471 2053 3535 Epit.
2086 3474 2305 3532 recepta

247 3562 282 3597 a
298 3548 554 3599 Vulcanio
571 3562 602 3599 e
617 3550 726 3616 Mg.
745 3552 861 3602 Par.
894 3552 952 3601 in
983 3554 1315 3617 insequentes
1342 3556 1575 3605 manavit
1604 3555 1721 3607 edd.
1755 3572 1876 3607 nam
1910 3554 2022 3605 edd.
2056 3568 2135 3619 pr.
2156 3558 2305 3603 aetus

247 3631 459 3686 habent.
526 3632 816 3699 Utrumque
865 3637 1002 3687 inter
1049 3650 1108 3687 se
1155 3650 1313 3701 saepe
1356 3636 1602 3687 confundi
1643 3638 1855 3691 verbum
1894 3638 1953 3688 in
1984 3636 2305 3689 membranis
