2567 4084
1313 106 1432 181 158.

341 287 594 371 thar-um
665 288 959 363 manibus
1023 293 1119 355 est
1182 284 1488 362 redditus.
1573 287 1970 385 Miserabiiis'
2021 308 2152 361 non
2195 287 2416 359 differt

340 392 607 453 mortem
626 436 645 471 ,
712 406 857 453 cum
922 386 1232 463 elementa
1291 389 1649 454 mutaverit.
1699 458 1707 463 ,
1752 386 2184 453 Theodericus
2251 407 2416 459 vero..

342 487 548 555 victor
591 488 932 569 exsistens,
992 478 1269 553 subactis
1314 488 1636 573 pepercit,
1695 504 1814 553 nec
1853 486 2021 551 ultra
2065 488 2416 569 certamine

343 586 587 653 saevire
644 586 965 673 permisit,
1028 604 1432 672 praeponens
1477 586 1742 670 Suavis,
1807 606 1970 671 quos
2024 586 2412 667 subiecerat,

342 685 635 751 clientem
692 685 1053 771 proprium,
1120 684 1378 749 nomine
1419 683 1848 767 Agrivulfum.
1939 684 2066 769 Qui
2107 686 2175 751 in
2219 685 2414 755 brevi

341 785 622 853 animum
664 784 1209 870 praevaricatione
1262 804 1341 848 ex
1373 783 1730 849 Suavorum
1783 784 2188 850 suasionibus
2223 804 2414 851 com·-

342 891 627 967 mutans,
694 881 973 967 neglexit
1034 883 1345 969 imperata
1404 882 1749 969 complere,
1815 884 2029 968 potius
2071 885 2415 967 tyrannica

344 981 613 1047 elatione
658 983 1051 1067 super-hiem,
1095 984 1484 1070 credensque
1529 1004 1596 1049 se
1641 1005 1716 1049 ea
1745 984 1980 1049 virtute
2007 985 2413 1071 provinciam

342 1081 665 1161 obtinere,
721 1102 846 1169 qua
889 1082 1131 1148 dudum
1175 1102 1319 1148 cum
1366 1083 1622 1149 domino
1669 1104 1783 1149 suo
1830 1105 1969 1149 eam
2012 1084 2409 1150 subiecisset.

342 1180 461 1249 Vir
526 1184 839 1271 siquidem
904 1189 1037 1247 erat
1081 1183 1442 1249 Varnorum
1507 1184 1701 1267 stirpe
1765 1185 2054 1267 genituS‚
2121 1183 2312 1267 longe
2365 1204 2406 1247 a

344 1283 599 1349 Gothioi
644 1284 969 1367 sanguinis
1012 1284 1346 1349 nobilitate
1387 1285 1731 1366 seiunctuS,
1776 1284 2012 1347 idcirco
2055 1302 2174 1347 nec
2203 1282 2410 1348 liber-

340 1384 457 1448 tati
500 1382 781 1459 studenS,
824 1402 941 1446 nec
986 1387 1254 1467 patrono
1301 1383 1487 1448 fidem
1535 1400 1815 1449 servans,
1894 1382 2036 1467 Quo
2083 1387 2409 1467 comperto

346 1482 780 1547 Theodericus
826 1502 974 1546 mox
1018 1490 1237 1547 contra
1277 1502 1442 1565 eum,
1491 1483 1598 1568 qui
1630 1500 1772 1547 eum
1807 1482 1882 1545 de
1913 1500 2106 1565 regno
2137 1498 2410 1566 pervaso

242 1599 249 1605 ’
351 1582 712 1663 deiicerent,
746 1582 1105 1647 destinavit.
1181 1581 1308 1665 Qui
1339 1582 1684 1665 venientes,
1733 1581 1866 1646 sine
1895 1601 2074 1646 mora
2105 1582 2169 1645 in
2195 1581 2404 1667 primo

347 1700 489 1745 eum
548 1682 887 1745 certamine
930 1692 1338 1766 superanteS‚
1398 1702 1740 1766 congruam
1785 1682 2090 1747 factorum
2137 1681 2275 1747 eius
2323 1680 2403 1745 ab

956 1834 1269 1841 —---4—-..—·

1405 1836 1949 1843 ——--›—-—---·-—-———-—-..-‚--0-
1969 1834 2044 1843 ,ῳ
2076 1837 2084 1840 -
2140 1836 2191 1841 -—
2219 1837 2235 1841 .-
2255 1836 2349 1842 ὦ-
2372 1836 2401 1841 -..

343 1918 513 1989 ,Valde
548 1940 721 1983 tamen
754 1948 949 1996 vereor,
984 1947 1052 1982 ne
1086 1933 1394 1983 vocabulum
1435 1932 1666 1992 Tyrrheni
1699 1945 1820 1999 seu,
1865 1937 1926 1981 ut
1957 1933 2012 1981 in
2049 1932 2128 1986 ed.
2163 1949 2248 1997 pr.
2279 1934 2406 1999 legi-

341 2021 442 2081 tur,
484 2020 673 2067 Rrrem‘
706 2022 1001 2081 corruptum
1035 2017 1103 2065 sit
1135 2014 1275 2079 apud
1293 2012 1562 2063 Iordanem
1587 2013 1891 2079 videturque
1926 2016 2056 2065 mihi
2074 2017 2241 2067 latere
2263 2018 2324 2066 in
2346 2032 2404 2067 eo

344 2102 495 2151 Duris·
517 2101 567 2151 fl.
595 2114 809 2149 nomen:
848 2099 986 2163 quod
1012 2113 1168 2161 quum
1184 2116 1292 2149 non
1315 2103 1656 2163 concoqueret
1676 2097 2000 2147 librariorum
2022 2114 2157 2149 unns
2189 2098 2403 2163 alterve,

345 2164 431 2233 cu'i
465 2182 788 2247 Tyrrhenum
823 2196 1011 2231 nomen
1044 2182 1218 2231 notius
1253 2189 1418 2245 esset,
1467 2189 1660 2233 temere
1692 2182 1915 2231 mutavit
1945 2181 2080 2246 quod
2113 2197 2222 2231 non
2253 2182 2403 2233 intel·

341 2265 557 2331 ligebat,
592 2265 669 2313 ita
702 2271 777 2329 ut,
812 2264 949 2329 quod
985 2263 1051 2313 ad
1082 2265 1237 2315 Durii
1269 2266 1321 2314 fl.
1359 2266 1546 2315 ostium
1580 2265 1795 2328 accidit,
1832 2270 2082 2329 tanquam
2115 2264 2181 2314 ad
2219 2266 2405 2315 ostium

343 2350 499 2414 maris
553 2346 811 2414 Tyrrheni
860 2348 969 2397 sive
1020 2348 1088 2397 ad
1138 2349 1325 2397 fretum
1377 2347 1689 2397 Gaditanum
1740 2349 1933 2397 factum
1984 2362 2096 2397 esse
2145 2354 2401 2397 narretur.

344 2432 544 2497 Itaque,
582 2432 626 2485 si
660 2432 955 2483 coniectura
980 2446 1067 2481 me
1102 2445 1208 2482 non
1238 2432 1390 2494 fallit,
1427 2435 1644 2497 uterque
1680 2432 1872 2495 optime
1905 2430 2039 2481 inter
2073 2446 2130 2481 se
2165 2430 2406 2479 convenit

343 2521 541 2567 auctor.
610 2516 743 2567 Nam
764 2513 1039 2565 Portucale
1074 2522 1312 2575 castrum,
1349 2514 1600 2577 quomodo
1637 2514 1932 2579 appellatur
1963 2514 2108 2564 loeus
2141 2514 2209 2572 ab
2239 2513 2405 2563 Idatio

344 2614 395 2653 a,
440 2600 485 2648 3.
534 2599 839 2661 Maioriani,
896 2598 964 2646 ad
1004 2598 1158 2647 Durii
1208 2598 1394 2647 ostium
1445 2603 1555 2646 erat
1603 2596 1754 2648 situm
1773 2612 1812 2661 ς,
1847 2613 1897 2645 v·
1948 2596 2204 2645 Mannert.
2239 2595 2316 2645 -Τ,
2363 2598 2405 2648 Ι.

340 2662 393 2747 ᾖ.
432 2684 529 2733 345
562 2698 637 2747 sq.
692 2711 756 2718 —
809 2687 879 2730 est
911 2682 1139 2730 manibus
1172 2682 1406 2729 redditus.
1472 2681 1768 2729 Miserabilia
1818 2694 1920 2728 non
1968 2681 2131 2742 differt
2175 2679 2403 2746 mortem)

346 2764 435 2815 Sic
458 2763 876 2829 distinguendum
906 2770 959 2813 et
980 2763 1257 2828 legendum
1276 2763 1578 2813 iubentibus
1594 2762 1725 2813 Pall.
1753 2762 1970 2813 eandem
1985 2747 2161 2811 'Ambra
2179 2764 2406 2827 praefert

343 2849 619 2911 lectionem
635 2886 649 2913 ,
684 2850 787 2899 nisi
822 2848 972 2916 quod⁸
990 2852 1121 2897 enim
1154 2863 1248 2911 pro
1282 2860 1384 2895 mm
1416 2847 1649 2898 exhibet:
1695 2846 1835 2897 haud
1868 2848 1975 2897 scio
2009 2850 2183 2895 tamen
2203 2882 2218 2907 ,
2253 2861 2324 2894 an
2357 2851 2408 2897 at

351 2931 611 2997 particula
640 2936 762 2981 ante
796 2947 975 2982 vocem
1008 2932 1298 2981 miserabilis
1331 2930 1400 2981 sit
1427 2930 1717 2995 inserenda,
1752 2931 1938 2981 hausta
1971 2929 2094 2979 olim
2127 2928 2194 2977 ab
2217 2930 2408 2979 initiali

340 3014 497 3065 huius
554 3017 709 3067 vocis,
780 3016 952 3081 Vulgo
1006 3016 1195 3080 legitur
1245 3021 1315 3064 est
1365 3017 1590 3065 memibus
1640 3016 1884 3075 redditus,
1941 3012 2270 3061 miserabilem
2312 3024 2408 3061 non

340 3098 566 3163 differem
598 3105 820 3149 mortem.
861 3128 913 3137 -—
959 3114 1145 3149 cum-
1157 3096 1441 3163 mutaverit)
1477 3098 1652 3151 Ambr.
1688 3098 2174 3147 dum-mutaverit.
2209 3122 2278 3136 --·
2313 3111 2404 3145 eer-

342 3180 550 3246 tamine)
586 3179 675 3233 Sic
706 3197 801 3245 pro
823 3182 965 3247 vulg.
1004 3185 1281 3232 certamina
1301 3180 1432 3231 Pan.
1459 3195 1572 3230 cum
1593 3180 1768 3231 Ambr.
1787 3206 1856 3217 -—
1871 3182 2094 3227 clientem
2123 3174 2402 3241 proprium)

341 3262 537 3315 Vocem
582 3266 943 3329 posteriorem,
994 3279 1128 3329 quae
1170 3266 1228 3315 in
1275 3266 1540 3329 plerisque
1571 3264 1721 3314 abest
1753 3262 1868 3313 edd.
1905 3262 2243 3326 suppeditant
2274 3261 2399 3311 Pall.

340 3350 515 3405 Ambr.
570 3347 651 3399 ed.
696 3348 817 3401 Par.
862 3347 995 3400 Rod.
1036 3348 1177 3412 Epit.
1213 3376 1271 3385 -
1331 3351 1527 3398 nomine
1570 3348 1910 3411 A9rivutfum)
1979 3344 2068 3395 Sic
2109 3344 2245 3397 Pall.
2292 3358 2402 3393 eum

340 3433 516 3495 Ambr.
552 3434 843 3496 Aliulphum
874 3432 1005 3483 Rod.
1041 3433 1348 3495 Aquilphum
1377 3432 1521 3497 Epit.
1558 3448 1676 3481 cum
1705 3432 1856 3489 Bous.
1889 3430 2168 3492 Adiulfum
2204 3427 2396 3491 ed..pt.

342 3517 661 3578 Amvulfum,
706 3516 787 3569 ed.
822 3518 939 3567 Par.
972 3517 1253 3577 Athiuet'um
1284 3515 1442 3580 vulgo
1455 3548 1472 3577 ,
1518 3515 1786 3568 immutato
1819 3530 1852 3563 a
1885 3509 2144 3566 Vulcanio
2177 3511 2398 3562 nomine.

342 3623 411 3635 --
442 3598 884 3664 praevaricatione)
954 3598 1043 3649 Sic
1082 3600 1213 3653 Pan.
1261 3614 1355 3663 pro
1401 3599 1541 3665 vulg.
1575 3600 1644 3647 ad
1673 3599 2166 3661 praevaricationem.
2203 3620 2271 3632 ——
2314 3595 2396 3643 Vir

2484 3513 2492 3522 ’
2531 3508 2536 3684 1

2529 3848 2534 4021 Ι
