2567 4084
1186 158 1266 225 79

179 345 490 424 remotus,
533 339 901 427 Nicopolim
943 340 1192 407 accedit
1207 390 1224 425 ,
1271 358 1435 427 quae
1476 340 1659 405 iuxta
1700 339 1942 405 latrum
1982 340 2255 407 fluvium

185 444 290 505 est
329 440 674 506 constituta
715 440 1078 524 notissima3
1127 458 1319 527 quam
1365 439 1635 505 devictis
1674 439 1981 505 Sarmatis
2025 440 2249 505 Traia-

183 555 312 605 nus
354 544 420 605 et
461 538 822 623 fabricavit,
869 544 932 604 et
972 542 1329 627 appellavit
1354 541 1682 607 Victoriae
1712 542 2054 608 civitatem.
2122 540 2255 608 Ubi

185 639 394 705 Decio
440 642 932 727 superveniente
967 642 1351 726 imperatore
1393 641 1650 708 tandem
1682 641 1886 708 Cniva
1924 640 1994 704 in
2024 637 2256 704 Haemi

186 739 512 837 partibus»,
559 758 722 825 quae
765 760 894 805 non
937 742 1127 827 longe
1170 743 1457 827 aberant,
1508 742 1798 826 secessit,
1856 740 2006 806 inde
2048 758 2253 827 appa-

185 848 332 909 ratu
377 842 687 929 disposito
717 844 1224 931 Philippopolim
1266 847 1361 912 ire
1403 844 1729 909 festinans.
1802 840 2000 908 Cuius
2044 858 2254 905 seces-

187 962 332 1007 sum
375 942 612 1008 Decius
655 942 1004 1027 imperator
1045 964 1470 1029 cognoscens,
1528 948 1591 1009 et
1644 943 1849 1028 ip'sius
1904 940 2051 1006 urbi
2092 938 2255 1005 ferre

188 1040 547 1107 subsidium
603 1042 915 1125 gestiens,
987 1043 1140 1128 iugo
1199 1044 1430 1108 Haemi
1499 1044 1733 1108 montis
1786 1045 2107 1105 transacto
2172 1038 2258 1104 ad

185 1138 578 1205 Berrhoeam
619 1142 814 1207 venit.
896 1141 1127 1230 Ibique
1173 1144 1324 1210 dum
1368 1164 1565 1229 equos
1610 1142 2085 1225 exercitumque
2125 1140 2258 1205 las-

187 1256 332 1303 sum
375 1238 722 1325 refoveret,
781 1242 953 1307 illico
1001 1242 1206 1309 Gniva
1249 1263 1396 1308 cum
1440 1241 1669 1308 Gothis
1710 1242 1777 1305 in
1821 1241 2080 1306 modum
2124 1240 2256 1305 ful-

187 1337 378 1403 minis
440 1338 568 1403 ruit
587 1388 604 1421 ,
680 1346 1060 1427 vastatoque
1115 1342 1409 1408 Romano
1469 1342 1749 1407 exercitu
1808 1341 2257 1426 imperatorem

189 1456 338 1502 cum
383 1440 696 1524 pauculis,
755 1441 865 1528 qui
908 1440 1127 1526 fugere
1171 1444 1527 1529 quiverant,
1574 1441 1658 1507 ad
1696 1440 1993 1505 Eusciam
2036 1458 2257 1505 rursus

185 1668 457 1731 qeyenaber
479 1674 554 1717 als
577 1672 688 1720 clem
709 1673 947 1721 nfichsten
967 1689 1096 1735 yanz
1117 1673 1545 1735 unzweifelhaften
1572 1672 1677 1721 Ort.
1713 1698 1781 1708 —
1812 1666 2049 1735 remotus)
2083 1668 2259 1717 Ambr.

185 1756 424 1813 repulsus.
453 1776 524 1789 —-
557 1755 844 1822 commuta)
879 1756 987 1821 Mg.
1021 1756 1136 1805 Par.
1175 1760 1468 1805 constructa.
1506 1780 1571 1789 —-
1606 1768 1751 1817 quam
1788 1750 2007 1817 devictis)
2044 1750 2133 1801 Sic
2166 1764 2260 1815 pro

185 1835 333 1899 vulg.
357 1840 594 1897 manniam
629 1839 834 1888 devictis
866 1840 1042 1889 Ambr.
1081 1854 1194 1889 cum
1227 1838 1371 1903 Epit.
1402 1868 1459 1876 —
1492 1844 1539 1887 et
1566 1836 1861 1902 sabn'eavit)
1895 1833 1984 1885 Sic
2008 1834 2153 1905 Grut.
2179 1833 2259 1885 ed.

186 1932 313 1966 nam
343 1918 504 1983 vulgo
538 1934 650 1967 eam
679 1922 968 1982 fabricavit.
990 1948 1058 1959 -
1082 1926 1138 1971 in
1161 1924 1344 1971 Haemi
1358 1918 1609 1987 partibus)
1644 1919 1732 1971 Sic
1762 1919 1894 1970 Pall.
1930 1933 2047 1968 cum
2083 1918 2261 1971 Ambr.

187 1999 297 2048 nisi
329 2001 469 2063 quod
502 2002 588 2052 hic
621 2004 810 2054 rationi
845 2005 1208 2071 grammaticae
1241 2004 1635 2054 convenientius
1666 2008 1847 2065 par-tec,
1884 2000 2021 2065 quod
2055 2005 2108 2051 et
2140 2000 2259 2051 edd.

189 2082 407 2137 habent.
477 2085 754 2137 Praeterea
797 2090 958 2154 vulgo
1001 2092 1306 2137 Haemoniae
1349 2088 1569 2153 legitur,
1616 2084 1757 2135 unde
1801 2084 1951 2133 fluxit
1996 2085 2263 2133 Gemonias

187 2166 464 2231 Epitomes
499 2173 552 2219 et
573 2172 871 2221 Hes-maniae
892 2172 1134 2224 Bonfinii.
1203 2171 1273 2219 At
1304 2171 1460 2219 lectio
1483 2169 1696 2235 vulgata
1728 2168 1815 2217 hie
1848 2167 2059 2217 minime
2090 2170 2266 2231 potest

191 2251 370 2301 locum
402 2250 612 2314 habere,
649 2269 808 2318 quum
829 2255 1123 2305 Haemonia
1161 2256 1317 2305 fuerit
1352 2252 1532 2303 eadem
1568 2266 1701 2317 quae
1722 2250 2009 2314 Thessalia,
2038 2251 2260 2313 antiquo

194 2339 250 2385 et
283 2335 490 2398 poetico
524 2337 750 2385 nomine.
819 2336 891 2385 Et
923 2337 968 2387 si
1003 2338 1116 2401 quis
1151 2337 1391 2399 obiiciat,
1434 2336 1642 2400 poetico
1686 2335 1773 2383 hic
1818 2320 1929 2384 esse
1971 2348 2124 2383 usum
2154 2332 2263 2381 Ior-

191 2417 346 2467 danis
381 2433 487 2467 non
519 2420 689 2470 minus
724 2435 877 2484 quam
911 2420 1042 2470 alias
1064 2422 1302 2482 Hesperia
1323 2433 1417 2482 pro
1440 2420 1612 2478 Italia,
1654 2418 1913 2466 Maon-ta
1945 2430 2039 2480 pro
2072 2417 2263 2478 Sicilia,

193 2516 311 2551 eous
345 2514 440 2564 pro
475 2506 728 2551 orientalis
761 2506 858 2551 cet.
895 2503 962 2553 ab
999 2518 1059 2553 eo
1083 2507 1323 2567 ponatur,
1358 2501 1442 2551 vel
1477 2502 1641 2565 ipsius
1676 2497 1900 2550 auctoris
1923 2498 2083 2547 verba
2114 2497 2267 2546 nihili

195 2598 314 2634 esse
348 2584 636 2634 lectionem
655 2586 919 2651 vulgatam
953 2585 1226 2635 docebunt.
1310 2584 1520 2634 Etenim
1554 2598 1671 2633 cum
1703 2584 1760 2632 in
1792 2582 1993 2631 Moesia
2025 2582 2263 2646 primum,

195 2672 319 2731 post
351 2668 409 2717 in
433 2667 670 2733 Thracia,
708 2684 842 2733 quae
875 2674 1044 2719 terrae
1065 2669 1220 2733 longe
1242 2667 1434 2717 absunt
1466 2682 1499 2717 a
1522 2666 1809 2728 Thessalia,
1845 2680 1928 2715 res
1956 2678 2069 2714 esse
2090 2668 2269 2728 gestae

195 2756 498 2815 narrentur,
535 2752 624 2816 qui
656 2753 886 2815 tandem,
924 2752 1126 2803 etiamsi
1159 2750 1224 2801 de
1257 2750 1533 2801 Thessalia
1563 2750 1861 2813 loqueretur
1892 2752 2092 2811 noster,
2128 2746 2269 2797 Hae-

195 2834 375 2883 monia
417 2838 590 2897 partes
632 2835 669 2885 i.
715 2850 760 2884 e.
811 2834 1133 2884 Thessaliam
1181 2850 1289 2885 non
1330 2833 1487 2899 longe
1532 2833 1763 2883 abfuisse
1806 2831 1977 2881 dicere
2015 2828 2272 2896 potuisset

195 2916 418 2966 auctor?
440 2944 510 2955 -
541 2916 768 2980 aberant)
805 2916 893 2967 Sic
925 2932 1020 2982 pro
1053 2918 1278 2968 lectione
1314 2916 1394 2967 ed.
1428 2932 1506 2981 pr.
1542 2917 1715 2965 aberat
1738 2915 1880 2966 dedit
1900 2914 2188 2967 LeunclaV.
2203 2938 2271 2951 —

196 2996 414 3065 secessit)
449 2998 537 3049 Sic
570 3002 764 3065 optime
795 3000 928 3050 Pan.
963 3016 1057 3064 pro
1089 3000 1232 3065 vulg.
1267 3004 1478 3053 recessit.
1518 3028 1578 3037 -—-
1628 3002 1787 3063 ipsius
1818 2997 1951 3064 urbi)
1984 2998 2083 3051 Ed.
2122 2996 2271 3049 Grut.

197 3084 300 3145 ipsi
331 3082 458 3131 urbi,
481 3109 550 3121 —-
580 3086 696 3145 iuyo
733 3084 915 3131 Haemi
947 3081 1150 3149 montis)
1183 3083 1379 3133 Vocem
1413 3086 1612 3145 Hanni,
1649 3098 1783 3149 quae
1814 3083 1872 3132 in
1906 3080 2021 3131 edd.
2058 3094 2165 3129 non
2194 3078 2273 3127 vi-

197 3164 352 3226 situr,
387 3162 584 3213 addunt
615 3164 750 3218 Pall.
783 3166 959 3218 Ambr.
994 3166 1102 3230 Mg.
1124 3166 1241 3215 Par.
1268 3192 1336 3203 -
1364 3168 1433 3215 ad
1454 3168 1775 3225 Bet-rhoeam)
1810 3165 1899 3217 Sic
1922 3164 2115 3229 optime
2135 3162 2273 3211 Bon·

197 3245 360 3297 finius
374 3262 390 3295 ι
423 3248 582 3311 vulgo
615 3248 878 3297 Bmoeam
913 3248 1201 3313 exhibetur,
1245 3264 1378 3313 quae
1412 3249 1565 3299 lectio
1598 3248 1976 3299 Leunclavium
2008 3248 2273 3294 auctorem

198 3329 394 3379 habet:
444 3329 559 3379 edd.
596 3345 674 3395 pr.
725 3336 778 3382 et
808 3332 924 3384 Par.
959 3334 1174 3381 Beroam
1205 3334 1530 3397 praeferunt,
1577 3332 1720 3396 Epit.
1756 3334 2013 3380 Kerocam.
2046 3354 2115 3367 --·
2161 3342 2274 3377 cum

191 3412 460 3475 pauculis)
507 3412 595 3464 Sic
635 3428 730 3479 pro
775 3415 916 3480 vulg.
965 3430 1079 3465 cum
1112 3420 1293 3479 paucis
1339 3414 1420 3466 ed.
1456 3414 1605 3466 (ἰωή.
1656 3442 1722 3451 -
1765 3410 2019 3478 Emeiam)
2067 3410 2157 3463 Sic
2190 3410 2273 3463 ed.

201 3494 356 3547 (ἂι-ιιι.
391 3495 484 3547 sed
518 3496 626 3547 cod.
664 3497 896 3548 Florent-
931 3500 1174 3565 Eoseiam,
1226 3500 1334 3566 Mg.
1370 3499 1487 3549 Par.
1523 3498 1784 3549 Eusihiam
1798 3490 1825 3562 ,'
1858 3496 2001 3561 Epit.
2038 3510 2156 3545 cum
2190 3494 2270 3545 ed.

199 3594 282 3644 pr.
309 3580 582 3644 ‚Tuccium
631 3580 784 3631 Bonf.
826 3584 1153 3645 Τὴωεαιίαπις
1201 3600 1250 3639 v.
1294 3586 1559 3634 Thraeciam
1572 3601 1590 3631 .·
1636 3596 1853 3648 quarum
1896 3580 2175 3631 lectionum
2216 3583 2277 3631 ut

197 3662 358 3713 nulla
388 3663 555 3725 proba
587 3668 684 3728 est,
718 3665 796 3715 sic
825 3680 953 3718 vera
983 3666 1041 3717 in
1069 3666 1297 3719 lectione
1330 3668 1414 3724 ed.
1440 3665 1586 3721 Grut-
1624 3670 1679 3718 et
1712 3665 1823 3717 cod.
1849 3664 2076 3719 Florent.
2111 3664 2277 3715 latere
