2567 4084
1183 132 1266 196 29

180 310 314 376 iam
355 292 580 377 Hunni
623 310 804 396 quasi
845 310 1341 378 fortissimarum·
1386 313 1671 397 gentium
1728 312 2257 384 foecundissimus

183 428 408 496 cespes
449 410 518 474 in
559 409 852 475 bifariam
893 412 1278 497 populorum
1329 413 1572 479 rabiem
1615 413 2027 500 pullularunt.
2090 416 2256 485 Nam

183 507 704 593 alii--Ultziagiri,
747 508 858 574 alii
889 509 1099 575 Saviri
1147 517 1617 600 nuncupantur,
1663 513 1774 599 qui
1814 519 2025 579 tamen
2072 516 2254 581 sedes

178 606 424 673 habent
469 607 744 674 divisas:
799 608 981 674 iuxta
1025 608 1417 677 chersonam
1461 611 1830 697 Ultziagiri,
1888 634 2013 699 quo
2057 614 2253 683 Asiae

177 704 356 771 bona
393 706 622 773 avidus
658 713 969 774 mercator
1011 710 1337 795 importat,
1386 713 1495 798 qui
1538 716 1777 777 aestate
1819 730 2078 799 campos
2104 732 2254 799 per-

179 810 498 889 vagantur
541 806 794 885 effusos,
842 808 1026 873 sedes
1070 810 1399 890 habentor„
1444 815 1637 897 prout
1678 816 2106 877 armentorum
2148 812 2246 877 in-

178 905 528 971 vitaverint
569 906 840 992 pabula,
886 907 1094 974 hieme
1138 930 1333 996 supra
1377 930 1549 975 mare
1593 909 1933 975 Ponticum
1976 930 2045 977 se
2087 910 2253 982 refe.-

176 1008 410 1072 rentes.
483 1006 824 1090 Hunuguri
867 1014 1080 1073 autem
1121 1010 1270 1073 hinc
1316 1016 1461 1075 sunt
1504 1010 1679 1093 noti,
1742 1010 1893 1096 quia
1948 1009 2032 1075 ab
2091 1011 2250 1097 ipsis

175 1103 442 1190 pellium
500 1106 886 1171 murinarum
944 1110 1120 1173 venit
1181 1110 1667 1173 commercium:
1726 1128 1887 1195 quos
1930 1112 2251 1172 tantorum
2322 1177 2328 1183 ‚

315 1303 598 1369 Ultzia9ivi)
633 1304 722 1356 Sic
753 1322 887 1357 unus
904 1306 1013 1357 Pal.
1046 1308 1200 1373 infra,
1233 1310 1277 1359 si
1298 1324 1405 1359 non
1424 1308 1492 1359 ad
1512 1323 1707 1373 verum,
1730 1308 1963 1372 proxime
1984 1313 2159 1359 tamen
2182 1308 2249 1357 ad

172 1404 371 1439 verum.
384 1388 604 1438 Videtur
621 1390 758 1438 enim
778 1392 1048 1453 Cutziaym‘
1062 1391 1341 1456 legendum
1360 1408 1475 1442 cum
1488 1384 1696 1443 Zeussio
1713 1393 1887 1457 p.715.
1903 1392 1981 1442 ita
1997 1395 2057 1440 ut
2068 1390 2129 1457 bi
2144 1390 2248 1440 sint

171 1472 350 1533 iidem,
387 1472 476 1537 qui
501 1467 951 1542 Κοντούργουροι
985 1474 1126 1539 apud
1151 1474 1375 1526 Graecos
1408 1479 1468 1525 ut
1487 1476 1705 1540 Procop.
1738 1476 1802 1527 Β.
1825 1474 1887 1528 G.
1912 1474 2060 1537 VIII,
2086 1474 2134 1522 5.
2162 1474 2242 1522 18.

174 1560 258 1607 27.
293 1556 382 1606 vel
414 1556 777 1626 Κοτρίγουροι
810 1554 996 1621 Agath.
1022 1556 1089 1621 V,
1117 1560 1197 1610 11.
1222 1560 1305 1609 12.
1334 1558 1413 1607 17.
1449 1558 1535 1607 vel
1568 1557 1915 1627 Κοτζαγηροὶ
1949 1556 2243 1620 Theophyl.

174 1638 302 1691 Sim.
339 1639 463 1703 VII,
499 1641 550 1691 9.
625 1642 844 1703 Utrique&
875 1656 998 1690 vero
1032 1642 1326 1705 suspicatur
1357 1641 1634 1707 legendum
1666 1642 1920 1707 Engeh‘us
1953 1642 2008 1690 in
2024 1658 2039 1689 z
2076 1642 2241 1690 aesca.

173 1724 260 1772 der
290 1724 496 1785 Bulyar.
564 1722 804 1773 Ceterum
837 1724 1056 1773 multum
1086 1725 1295 1773 variant
1336 1725 1394 1774 in
1426 1724 1634 1774 nomine
1665 1724 1759 1773 illo
1791 1724 1940 1784 libri3
1988 1722 2123 1774 Pall‘.
2156 1722 2245 1772 hic

174 1805 382 1870 quidem
416 1820 532 1855 cum
563 1806 738 1855 Ambr.
774 1806 978 1857 Monac.
1018 1812 1070 1857 et
1092 1808 1198 1871 Mg.
1222 1808 1341 1856 Par.
1367 1808 1633 1869 Altziaqiri
1652 1806 1966 1871 praeferunt,
1992 1804 2085 1855 sed
2105 1806 2243 1856 infra

170 1902 306 1937 unus
349 1890 623 1951 Ultziayiri‚
657 1891 716 1936 ut
747 1888 899 1938 modo
931 1889 1208 1950 monitum;
1261 1889 1487 1940 Vindob.
1516 1892 1563 1938 1.
1598 1890 1863 1952 Altziayri,
1899 1888 2043 1953 Epit.
2078 1888 2244 1937 Aleio-

171 1973 297 2033 ayri,
321 1970 476 2021 Bonf.
493 1972 788 2033 Alexiayyri,
811 1970 890 2021 ed.
911 1986 987 2035 pr.
1013 1973 1100 2021 hic
1123 1972 1328 2036 quidem
1349 1973 1645 2035 Aulziayin',
1664 1972 1801 2023 infra.
1822 1987 1944 2023 vero
1968 1971 2243 2033 Aulziaqri‚

170 2052 307 2117 quod
353 2058 406 2101 et
451 2053 506 2102 in
550 2052 668 2104 edd.
713 2054 938 2118 legitur:
989 2055 1270 2117 Autziayin'
1315 2056 1452 2105 sistit
1492 2056 1629 2104 infra.
1662 2054 1837 2108 Ambr.
1882 2055 1930 2103 si
1973 2053 2243 2105 distractas

167 2151 324 2186 voces
357 2142 449 2184 aut
479 2136 669 2198 Ziayim‘
699 2137 916 2187 iunctim
949 2138 1108 2203 legas.
1145 2167 1210 2175 --
1243 2136 1433 2204 Savin‘)
1468 2137 1556 2189 Sic
1582 2138 1714 2187 Pan.
1752 2154 1865 2189 cum
1890 2139 2095 2189 Monac.
2120 2138 2243 2207 Elo-

165 2222 298 2268 rent.
355 2223 407 2267 ct
451 2218 675 2269 Vindob.
721 2219 838 2271 477.
893 2219 985 2269 sed
1024 2220 1199 2270 Ambr.
1255 2216 1394 2271 cum*
1424 2220 1536 2271 cod.
1589 2220 1703 2271 Par.
1746 2222 1897 2271 5766.
1952 2224 2123 2271 Favim'
2135 2238 2149 2283 3
2189 2238 2241 2273 v.

165 2303 312 2351 Avia-1·
315 2338 334 2363 ,
370 2300 620 2364 quomodo
666 2306 720 2351 et
761 2301 986 2352 Vindob.
1034 2304 1136 2351 652
1179 2318 1212 2351 a
1244 2303 1471 2353 secunda.
1502 2319 1687 2368 manu,
1724 2320 1883 2368 quum
1927 2315 2088 2353 avara
2122 2308 2245 2355 ante

165 2385 453 2435 habuisset.
511 2383 643 2435 Sunt
665 2390 840 2435 autem
861 2386 1028 2435 savin·
1057 2385 1231 2449 iidem,
1259 2387 1350 2450 qui
1383 2379 1599 2437 Ὀῦννοι
1632 2379 1687 2437 ὁι
1722 2380 1997 2455 Σάβειροι,
2021 2386 2245 2437 audiunt

163 2469 504 2533 scriptoribus
521 2467 840 2533 ByzantiniS‚
855 2468 1088 2517 Priscum
1111 2467 1242 2532 dico,
1265 2468 1591 2533 Procopium,
1608 2468 1899 2534 Agathiam.
1925 2496 1992 2507 —-·
2024 2471 2155 2519 sedes
2173 2497 2241 2509 —-
2286 2464 2291 2469 ’

164 2554 376 2615 divisas)
423 2550 510 2601 Sic
554 2566 648 2614 pro
693 2553 912 2601 diversas
952 2551 1084 2601 Pall.
1131 2566 1244 2599 cum
1276 2552 1454 2603 Ambr.
1507 2576 1576 2587 —
1626 2554 1767 2599 iuxta
1804 2551 2122 2617 Cher-sonam)
2156 2552 2243 2603 Ita

140 2634 295 2684 ·Pa1].
331 2634 512 2685 Ambr.
543 2633 685 2697 Epit.
723 2634 802 2683 ed.
839 2650 918 2698 pr.
951 2636 1238 2683 Cher-sonem
1273 2632 1412 2698 quod
1444 2634 1603 2699 vulgo
1626 2634 1832 2697 legitur,
1862 2649 1897 2683 a
1916 2633 2239 2685 Leunclavio

163 2723 257 2782 est,
306 2716 402 2767 sed
442 2716 546 2767 vid.
595 2722 768 2767 annot.
807 2731 977 2780 supra..
1023 2743 1090 2753 --
1133 2720 1216 2779 qui
1247 2722 1435 2767 aestate
1456 2744 1524 2755 —
1538 2715 1755 2783 pabula)
1790 2717 1939 2769 Haec
1973 2721 2053 2767 est
2081 2717 2238 2769 lectio

160 2802 322 2867 vulgo
356 2805 566 2863 recepta.
597 2799 719 2849 inde
753 2800 820 2848 ab
857 2798 937 2851 ed.
973 2814 1051 2863 pr.
1089 2813 1244 2863 quam
1278 2814 1341 2850 eo
1374 2801 1539 2866 magis
1581 2800 1707 2851 duxi
1738 2799 2087 2864 retinendam,
2134 2816 2239 2865 quo

161 2886 336 2935 minus
385 2884 472 2933 vel
521 2899 627 2933 una
677 2883 988 2932 variantium
1043 2882 1310 2932 satisfacit.
1396 2884 1703 2934 Praeferunt
1752 2883 1892 2932 enim
1939 2881 2072 2931 Pall.
2122 2887 2239 2945 quia

161 2974 350 3017 aestate
382 2982 583 3031 campos
610 2970 897 3029 pervasam,
949 2967 1124 3029 efflaesas
1157 2967 1317 3029 sedes,
1356 2973 1509 3030 prout
1542 2981 1669 3027 arm.
1739 2965 1914 3016 Ambr.
1946 2980 2088 3025 vero,
2122 2968 2240 3029 quia

163 3058 371 3113 eyestate
406 3066 604 3113 campos
633 3054 968 3112 pervayantur
1001 3050 1164 3111 effusis
1197 3050 1406 3111 sedibus,
1435 3054 1588 3111 prout
1610 3054 1944 3099 armentorum
1964 3052 2239 3098 invenerint

153 3134 368 3198 pabula,
405 3134 544 3198 Epit.
575 3136 658 3196 qui
691 3138 874 3181 aestate
901 3146 992 3194 per
1026 3146 1227 3193 campos
1264 3132 1471 3195 diffitsas
1504 3133 1681 3181 habent
1701 3134 1849 3183 aedes.
1902 3132 2003 3181 Pro
2034 3135 2118 3193 qui
2150 3146 2236 3181 ex·

157 3216 310 3269 hibet
343 3222 460 3279 quia
491 3218 598 3283 Mg.
631 3231 832 3281 quoque
864 3216 981 3265 Par.
1018 3242 1082 3249 —
1115 3212 1404 3280 Hunuyuri)
1438 3213 1529 3265 Sic
1557 3214 1835 3280 legendum
1870 3228 1985 3262 cum
2016 3211 2150 3264 Pau,
2181 3217 2235 3263 et

158 3299 368 3350 Monac.
411 3315 514 3349 non
531 3338 544 3365 ,
589 3305 650 3349 ut
681 3301 858 3365 vulgo,
902 3302 1168 3360 Hunuyan·
1199 3304 1307 3361 aut,
1340 3305 1401 3349 ut
1432 3298 1575 3363 Epit.
1608 3300 1852 3361 Hunyan'.
1919 3294 2063 3345 Sunt
2095 3296 2234 3345 enim

159 3385 429 3445 Hunuyun‘
475 3382 650 3447 iidem,
705 3384 797 3448 qui
840 3376 1288 3449 Ὀυννόυγουροι,
1342 3374 1667 3450 Ὀνόγουροι
1710 3379 1885 3428 Prisco
1928 3392 1983 3440 p.
2019 3379 2133 3428 158.
2180 3384 2234 3429 et

158 3465 420 3531 Agathiae
452 3466 561 3529 III,
597 3468 648 3519 5.
697 3458 1116 3534 Ὀυννουγοῦνοι
1149 3464 1524 3530 Theophylact.
1558 3464 1679 3527 VH,
1714 3464 1765 3515 8.
1810 3454 2231 3531 ’Θυννουγσῦροι

161 3548 332 3599 eidem
365 3549 488 3613 VH,
524 3551 570 3598 9.
608 3564 927 3613 quorumque
959 3554 1098 3599 terra
1125 3548 1375 3608 onoqoria
1408 3548 1597 3597 dicitur
1618 3546 1757 3611 apud
1780 3544 2072 3609 Geograph.
2096 3544 2229 3596 Rav-

158 3628 254 3696 IV,
289 3633 342 3684 2.
375 3658 443 3669 —
473 3634 680 3694 pellium
711 3634 1026 3682 mus-&narum
1045 3658 1104 3669 --
1125 3629 1487 3696 commercium)
1522 3631 1931 3679 Mardurinamm
1965 3627 2175 3679 exhibet
2196 3642 2225 3677 e
