2567 4084
1293 142 1370 206 12

289 325 446 395 culti
485 345 689 412 aeque
732 343 955 390 omnes
995 322 1222 412 populi
1265 341 1577 408 regesque
1617 319 2039 408 populorum3
2100 326 2365 388 cunctos

290 431 504 492 tamen
528 425 593 490 in
619 417 1104 492 calidoniorum
1123 423 1649 508 Maoatarumque
1671 419 2061 486 concessisse
2082 418 2363 502 nomina,

291 529 514 590 auctor
557 528 656 588 est
683 523 836 606 Dio,
882 523 1337 589 celeberrimus
1378 519 1650 608 scriptor
1692 519 2035 586 annalium.
2090 517 2366 603 Virgeas

290 622 584 688 habitant
625 641 806 688 casas
825 669 844 704 ,
901 622 1264 688 communia
1305 624 1475 686 tecta
1532 639 1676 686 cum
1716 637 1949 706 pecore
1962 665 1981 702 ,
2036 617 2368 704 silvaeque

290 721 416 788 illis
471 740 664 806 saepe
717 724 865 786 sunt
919 720 1164 788 domus.
1238 718 1343 786 Ob
1388 718 1679 785 decorem
1722 717 1942 784 nescio
1963 765 1981 800 ‚
2035 735 2121 782 an
2174 715 2368 785 aliam

293 840 482 906 quam
519 819 603 886 ob
637 840 792 904 rem,
829 818 995 886 ferro
1029 820 1307 906 pingunt
1331 838 1615 906 corpora.
1680 817 1935 884 Bellum
1956 816 2120 882 inter
2152 835 2221 880 se
2254 819 2370 882 aut

425 1073 620 1118 cunctos
635 1095 702 1106 -
717 1074 890 1118 auctor
911 1074 980 1118 est
1000 1067 1124 1135 Da'o)
1157 1067 1243 1119 Sic
1265 1067 1398 1118 Pall.
1424 1067 1602 1121 Ambr.
1628 1067 1740 1120 cod.
1762 1065 1935 1118 Vatic.
1960 1067 2076 1119 639.
2112 1063 2219 1130 Mg.
2242 1063 2367 1116 Par.

297 1157 352 1201 et
383 1165 450 1201 ex
479 1151 581 1200 hoc
615 1151 696 1204 ed,
729 1149 1014 1201 Lindenbr.
1049 1154 1457 1214 Maceror-umque
1488 1151 1717 1215 praefert
1752 1149 1960 1203 Monac.
1992 1161 2223 1213 quoque,
2274 1146 2373 1198 sed

290 1249 386 1298 pro
419 1237 700 1284 emostis-se
743 1239 842 1284 cet.
877 1235 1090 1286 exhibet
1124 1247 1429 1296 concessoque
1458 1236 1669 1284 nomina
1700 1234 1785 1282 div
1828 1238 2007 1282 auctor
2036 1237 2125 1284 est.
2188 1229 2370 1282 Prodi-

287 1316 433 1382 giose
465 1317 610 1382 vulg.
648 1320 832 1366 cunctis
867 1323 1034 1366 tamen
1065 1321 1122 1366 in
1157 1317 1531 1367 calidoniorum
1574 1319 1836 1366 natalium
1879 1319 2162 1366 concessisse
2204 1315 2366 1362 nomi-

287 1401 446 1448 nandi
478 1406 651 1450 auctor
682 1406 754 1449 est
787 1402 906 1450 Dio.
943 1427 1002 1436 --
1043 1403 1202 1448 aliam
1234 1414 1386 1462 quam
1420 1399 1479 1448 ob
1512 1400 1638 1465 rem)
1688 1398 1775 1450 Sic
1808 1414 1903 1463 pro
1934 1398 2075 1463 vulg.
2112 1399 2271 1446 aliam
2305 1395 2367 1444 ob

289 1497 392 1530 rem
423 1481 560 1530 Pall.
598 1496 715 1531 cum
748 1482 856 1547 Mg.
889 1482 1008 1530 Par.
1044 1508 1112 1520 —
1151 1481 1225 1530 Ob
1260 1482 1482 1530 decorem
1505 1507 1567 1518 ——
1592 1481 1819 1549 corpora)
1854 1483 1996 1532 Mela
2027 1481 2126 1543 111,
2163 1482 2209 1528 6.
2246 1479 2369 1528 Bru·-

288 1566 433 1612 tcmm’
475 1566 718 1612 incer-mm
763 1564 823 1612 ob
857 1566 1077 1616 decorem
1121 1580 1191 1613 cm
1233 1565 1351 1626 quid
1384 1566 1525 1614 aliud
1554 1568 1685 1614 vitro
1721 1580 1926 1628 corpora
1966 1565 2165 1628 infecti:
2214 1576 2369 1626 quem

287 1645 459 1694 Melae
481 1645 668 1709 locum,
693 1660 852 1710 quum
873 1661 968 1696 sua
992 1646 1256 1710 scriberet,
1279 1650 1512 1696 nostrum
1533 1650 1654 1696 ante
1678 1647 1853 1699 oculos
1876 1647 2135 1710 habuisse,
2158 1646 2237 1694 uti
2258 1659 2369 1694 non

288 1733 368 1778 est
401 1727 630 1792 dubium,
667 1727 743 1778 sic
764 1729 1042 1792 quaeritur,
1078 1729 1223 1780 locus
1244 1729 1424 1793 nostri,
1460 1743 1619 1793 quum
1654 1733 1783 1780 vitro
1808 1744 2015 1794 corpora
2036 1731 2204 1792 infecti
2224 1726 2369 1794 apud

287 1809 480 1861 Melam
513 1811 746 1876 legatur,
790 1811 930 1876 apud
973 1815 1208 1864 nostrum
1242 1827 1367 1862 vero
1396 1813 1530 1874 ferro
1576 1815 1786 1874 pinquat
1818 1829 2048 1877 corpora,
2094 1817 2371 1878 corruptus

286 1894 356 1944 sit
387 1909 568 1944 necne.
636 1893 738 1943 Pro
790 1899 1029 1958 corrupto
1075 1909 1193 1944 eum
1237 1895 1398 1945 habet
1444 1891 1796 1946 Tzschuckius
1828 1894 1916 1947 ad.
1952 1897 2079 1948 Mel.
2111 1897 2148 1946 1.
2182 1896 2221 1946 1.
2256 1901 2371 1946 tum

287 1983 498 2042 propter
541 1977 758 2028 verbum
795 1982 1018 2041 pinqere,
1068 1977 1208 2042 quod
1249 1977 1319 2026 ad
1365 1992 1546 2028 vocem
1574 1979 1707 2040 ferro
1742 1994 1851 2029 non
1882 1979 2146 2030 commode
2188 1976 2371 2030 referri

287 2061 468 2124 possit,
506 2075 726 2124 quocum
773 2075 895 2110 vero
931 2062 1125 2124 optMe
1159 2060 1434 2110 conveniat
1465 2063 1651 2110 vitrum
1665 2096 1679 2122 ,
1727 2075 1862 2126 quae
1893 2061 2057 2112 herba
2089 2061 2158 2112 sit
2190 2075 2371 2112 caeru·

291 2142 432 2194 leum
466 2143 696 2196 efficiens
730 2144 952 2193 colorem
988 2140 1162 2208 (isatin
1194 2143 1367 2194 Plinio
1401 2145 1593 2210 vocari,
1626 2149 1783 2194 isatin
1804 2148 2086 2194 tinctorium
2105 2142 2367 2211 Linnaeo)

287 2231 399 2276 tum
443 2227 636 2278 Melam
687 2227 810 2292 quia
859 2232 982 2276 ante
1027 2225 1203 2276 oculos
1244 2224 1501 2280 habuerit.
1568 2224 1687 2276 Hoc
1727 2227 1934 2293 quidem
1976 2241 2128 2277 nemo
2166 2226 2225 2275 in
2275 2224 2370 2276 du-

293 2308 437 2358 bium
469 2310 695 2372 vocarit3
741 2309 952 2360 minime
991 2314 1166 2360 tamen
1210 2308 1618 2360 obliviscendum
1664 2307 1741 2375 (id
1775 2309 1913 2374 quod
1946 2309 2031 2359 vel
2064 2309 2236 2373 ipsum
2266 2308 2369 2358 hoc

290 2396 446 2454 caput
468 2390 723 2458 docuerit)
757 2392 1047 2456 Iordanem,
1082 2393 1256 2442 aliena
1276 2392 1371 2442 ubi
1394 2392 1558 2457 affert,
1592 2408 1749 2458 saepe
1772 2394 1859 2444 vel
1889 2394 2181 2454 immutare,
2214 2395 2372 2456 prout

288 2472 389 2535 ipsi
437 2473 757 2525 commodum
803 2475 1009 2525 videtur
1063 2474 1342 2540 (quomodo
1376 2475 1537 2540 paulo
1582 2481 1701 2540 post
1749 2479 1934 2526 covinis
1967 2475 2139 2526 Melae
2176 2475 2369 2524 medas

288 2553 590 2606 substitutas
623 2555 880 2625 videmus)
916 2558 1002 2608 vel
1037 2574 1132 2609 sua
1163 2557 1351 2608 alienis
1383 2559 1701 2608 immiscere:
1749 2557 1929 2623 quidni
1960 2557 2139 2622 itaque
2170 2571 2365 2606 morem

287 2653 438 2686 suum
475 2643 680 2690 secutus
708 2636 902 2702 ferrum
933 2645 1062 2690 vitro
1094 2641 1423 2692 substituerit
1436 2678 1451 2705 ,
1485 2642 1579 2692 ubi
1609 2641 1713 2706 ipsi
1744 2641 1820 2689 ita
1855 2645 1933 2690 est
1965 2641 2133 2692 visum
2146 2641 2172 2688 ⁸?
2204 2639 2363 2704 idque

285 2725 396 2769 tum
429 2722 678 2785 maxime,
723 2723 770 2772 si
801 2738 908 2772 non
941 2724 1256 2790 intelligeret
1273 2761 1291 2788 ‚
1324 2728 1511 2774 vitrum
1543 2724 1670 2790 quid
1702 2725 1771 2774 sit
1800 2721 1942 2786 apud
1972 2722 2167 2772 Melam
2198 2723 2287 2772 vel
2318 2721 2365 2772 si

286 2801 431 2853 aliud
482 2804 606 2868 quid
649 2805 707 2854 in
757 2805 1036 2870 exemplari
1081 2822 1176 2858 suo
1226 2808 1419 2871 reperit
1471 2806 1612 2874 (nam
1661 2807 1719 2857 in
1766 2805 2045 2855 lectionem
2081 2808 2212 2854 vitro
2256 2819 2365 2854 non

289 2900 462 2936 omnes
497 2885 670 2936 Melae
701 2887 824 2938 libri
857 2888 1226 2952 consentiunt).
1273 2889 1346 2941 Et
1378 2891 1587 2940 minime
1618 2891 1747 2942 licet
1772 2888 1991 2950 infitier,
2024 2891 2209 2936 vitrum
2244 2902 2363 2938 cum

285 2970 442 3018 verbo
483 2973 687 3032 pinyere
733 2969 927 3034 optime
971 2974 1274 3037 convenire,
1328 2974 1497 3024 locum
1540 2979 1715 3023 tamen
1757 2971 1951 3021 habere
1983 2975 2159 3035 potest
2204 2971 2363 3020 etiam

282 3051 415 3114 ser-ro
444 3055 648 3116 pinqere
680 3054 714 3102 i.
752 3069 798 3102 e.
836 3053 1005 3104 calido
1028 3055 1164 3106 ferro
1187 3057 1432 3122 stigmata
1454 3056 1679 3118 inurere,
1714 3053 1853 3120 qnod
1878 3053 2061 3104 fecisse
2084 3053 2363 3103 Britannos

285 3141 525 3186 auctores
559 3141 681 3186 sunt
723 3142 831 3186 tum
877 3137 970 3187 alii
1004 3138 1076 3200 (v,
1111 3138 1332 3190 Salmas.
1366 3138 1435 3188 ad
1468 3138 1632 3190 Solin.
1668 3152 1711 3187 c.
1748 3137 1840 3199 22)
1887 3141 1997 3186 tum
2029 3135 2361 3186 Herodianus

286 3218 384 3282 111,
424 3220 504 3284 14,
543 3221 632 3282 13,
672 3221 751 3272 14,
789 3225 842 3270 et
873 3219 1085 3274 Servius
1118 3221 1187 3272 ad
1219 3221 1406 3286 Vir-gil.
1440 3223 1569 3272 Aen.
1602 3220 1705 3283 IV,
1744 3221 1858 3270 146.
1926 3220 2095 3286 Igitur
2127 3219 2222 3270 ubi
2254 3219 2363 3272 tale

289 3300 415 3364 quid
449 3300 592 3365 apud
623 3303 922 3366 scriptorem
944 3304 1170 3370 aliquem
1191 3305 1321 3369 legit
1342 3304 1594 3366 Iordanis,
1630 3304 1757 3368 quid
1776 3305 1835 3354 ni
1854 3302 1911 3354 id
1932 3303 2203 3367 amplexus
2226 3302 2361 3354 libro

288 3399 381 3434 suo
415 3385 708 3436 insereret?
759 3385 828 3434 At
865 3390 1068 3450 pinyere
1115 3387 1331 3437 verbum
1376 3403 1533 3452 quum
1578 3403 1695 3438 cum
1729 3389 1865 3450 ferro
1915 3401 2020 3436 non
2071 3386 2207 3436 bene
2241 3400 2363 3438 con-

290 3467 540 3532 iungatur
554 3501 569 3524 ,
616 3468 893 3532 legendum
938 3475 1076 3520 certe
1112 3476 1345 3533 punyunt
1392 3487 1506 3522 cum
1540 3470 1733 3522 Iuret0.
1806 3469 2047 3518 Minime:
2082 3467 2249 3534 proba
2284 3473 2364 3520 est

294 3550 452 3599 dictio
470 3551 604 3612 fem-o
623 3555 851 3616 pinqere;
874 3551 949 3601 sic
972 3552 1290 3602 Claudianus
1312 3553 1378 3604 de
1400 3553 1624 3604 Laudib.
1650 3551 1815 3602 Stilic.
1830 3551 1901 3615 11,
1926 3553 2041 3602 248.
2091 3553 2362 3602 Caledonio

289 3635 456 3680 velata
489 3635 758 3684 Britannia
802 3640 1046 3698 monstro,
1085 3637 1216 3687 ferro
1256 3641 1398 3699 picta
1432 3652 1579 3698 ymas
1593 3657 1614 3697 ,·
1663 3634 1803 3684 idem
1846 3636 1902 3685 in
1950 3634 2124 3686 Rufin.
2158 3635 2203 3698 1,
2241 3636 2361 3688 313.
