2567 4084
801 1274 1182 1364 lcum-MS
1236 1212 1652 1367 cAsTAmo'

1107 1456 1174 1513 8.
1210 1456 1291 1513 D.

366 1638 708 1733 volentem
774 1686 874 1733 me
927 1684 1130 1753 parvo
1185 1666 1515 1751 subvectu}
1553 1652 1791 1753 n‘avigii
1850 1689 2025 1735 oram
2077 1676 2253 1735 tran-

183 1764 368 1853 quilli
395 1765 598 1831 litoris
628 1766 936 1850 stringere
967 1770 1028 1829 et
1067 1765 1343 1832 minutos
1376 1766 1453 1833 de
1480 1769 1852 1855 priscorum,
1883 1776 1955 1833 ut
1996 1757 2255 1856 quidam

183 1866 308 1947 ait,
366 1867 605 1951 stagnis
657 1864 999 1955 pisciculos
1054 1865 1262 1951 legere
1281 1916 1301 1951 ,
1356 1866 1424 1933 in
1466 1856 1698 1952 altum,
1756 1868 1947 1933 frater
1992 1868 2251 1953 Castali,

181 1962 401 2031 laxare
457 1965 602 2031 vela
645 1964 1006 2051 compellis,
1063 1965 1413 2053 relictoque
1458 1968 1801 2055 opusculo,
1860 1966 2033 2055 quod
2088 1968 2253 2033 intra

182 2083 411 2130 manus
465 2054 712 2150 habeo,
777 2064 846 2131 id
904 2070 1032 2147 est,
1095 2065 1174 2131 de
1238 2066 1724 2132 abbreviatione
1789 2066 2253 2153 chronicorum,

183 2164 448 2245 suadeS,
493 2170 566 2229 ut
615 2166 848 2231 nostris
901 2163 1116 2230 verbis
1173 2164 1511 2233 duodecim
1566 2167 1887 2245 senatoris,
1926 2166 2253 2245 volumina

185 2266 278 2327 De
305 2268 542 2345 oriyine
571 2267 923 2347 actibusque
954 2268 1260 2347 Getarum,
1301 2264 1383 2329 ab
1422 2265 1573 2345 olim
1600 2266 1888 2352 adusque
1924 2284 2095 2332 nunc
2134 2286 2253 2352 per

181 2363 626 2448 generationes
667 2382 976 2449 regesque
1021 2363 1489 2448 descendentia,
1532 2366 1597 2429 in
1637 2386 1765 2431 uno
1798 2371 1859 2431 et
1884 2366 2009 2431 hoc
2046 2386 2251 2452 parvo

310 2610 473 2661 parvo
519 2597 749 2647 subvectu
792 2597 1006 2660 naviqii)
1043 2594 1132 2646 Sic
1163 2596 1297 2647 Pau.
1344 2612 1461 2647 cum
1504 2598 1679 2648 Ambr.
1728 2604 1781 2649 et
1821 2600 2075 2649 Vaticano
2096 2616 2111 2661 3
2152 2614 2249 2664 pro

181 2694 342 2743 parvo
366 2685 539 2729 tamen
556 2684 709 2743 parvi
729 2681 974 2745 proponit
993 2678 1268 2745 legendum
1296 2679 1545 2731 Gruterus
1568 2681 1633 2731 ob
1660 2680 2075 2745 concinnitatem,
2110 2682 2247 2746 quod

181 2778 278 2828 ego
301 2763 614 2827 respuerim:
641 2766 911 2829 oppositus
936 2768 1013 2815 est
1037 2764 1175 2813 enim
1195 2779 1385 2826 parvus
1406 2765 1657 2815 subvectus
1678 2768 1871 2827 naviyii
1891 2765 1969 2832 τῷ
1997 2768 2055 2813 in
2085 2768 2248 2815 altum

176 2850 292 2896 vela
328 2850 516 2898 laxare.
548 2846 615 2901 V.
648 2864 806 2911 parvo
837 2848 1118 2897 subvectum
1150 2850 1367 2909 naoiyio.
1407 2876 1475 2885 --
1526 2860 1668 2897 oram
1695 2879 1753 2887 —
1781 2844 1961 2915 litori-³)
1996 2848 2105 2913 Mg.
2126 2847 2242 2898 Par.

175 2932 353 2981 mari-⁹.
405 2956 470 2965 —
537 2929 798 2996 animer-e)
851 2928 938 2981 Sic
977 2930 1112 2983 Pan.
1149 2929 1325 2979 Ambr.
1374 2930 1477 2995 Mg.
1519 2930 1639 2982 Par.
1680 2934 1916 2992 attinyere
1953 2930 2126 2997 vulgo.
2178 2959 2245 2968 —-

181 3010 396 3078 Gaetuli)
431 3013 605 3064 Ambr.
650 3016 862 3065 Castule.
911 3044 971 3053 -
1019 3015 1078 3063 de
1109 3010 1491 3077 abbreviatione)
1524 3013 1608 3062 Ita
1638 3029 1731 3078 pro
1770 3014 1911 3077 vulg.
1948 3012 2247 3063 breviatione

174 3094 310 3144 Pan.
336 3094 510 3144 Ambr.
537 3095 642 3161 Mg.
667 3096 787 3148 Par.
823 3124 892 3135 --
925 3096 1000 3145 De
1025 3127 1086 3134 -
1109 3093 1405 3161 actibusque)
1428 3095 1513 3145 Ita
1535 3095 1857 3145 emendatum
1888 3094 1947 3143 in
1980 3095 2093 3147 Pal.
2119 3110 2243 3160 uno,

177 3184 296 3227 cum
319 3177 466 3241 priua
489 3177 674 3227 fuisset
697 3184 939 3242 aestuque,
967 3178 1104 3243 quod
1128 3183 1180 3228 et
1201 3179 1256 3228 in
1279 3178 1463 3229 altero,
1502 3178 1707 3229 GRUT.
1744 3178 2032 3241 Aetibmque
2052 3178 2247 3244 legitur

177 3260 338 3310 etiam
359 3260 418 3310 in
439 3259 618 3311 Ambr.
643 3265 696 3311 ct
718 3260 826 3326 Mg.
848 3262 966 3311 Par.
993 3267 1197 3323 actuque
1217 3261 1389 3325 vulgo,
1420 3289 1483 3299 —
1516 3262 1579 3310 ab
1602 3266 1724 3311 olim
1746 3264 1963 3324 adusque
1981 3262 2132 3327 nunc)
2156 3260 2246 3311 Sic

173 3342 358 3393 Amer
381 3347 435 3393 et
455 3344 533 3393 ita
559 3358 670 3393 esse
691 3343 969 3409 legendum
991 3344 1212 3394 coniecit
1241 3344 1349 3392 iam
1370 3342 1803 3411 Lindenbrogius,
1836 3343 2111 3393 lectionem
2133 3343 2241 3409 Mg.

173 3425 296 3477 Par.
333 3426 398 3474 ab
422 3428 547 3475 olim
569 3430 616 3474 et
635 3442 782 3489 usque
803 3444 936 3477 nunc
967 3428 1264 3492 respiciens,
1301 3426 1369 3479 V.
1392 3426 1453 3474 ab
1479 3431 1597 3476 olim
1621 3444 1767 3491 usque
1786 3440 1932 3477 nunc.
1978 3448 2047 3461 -
2088 3440 2247 3487 reyes-

170 3504 285 3574 que)
309 3508 491 3559 Ambr.
524 3512 572 3558 et
598 3522 744 3572 reyes.
779 3537 847 3547 —
879 3510 1240 3573 descendentia)
1264 3509 1348 3559 Ita.
1368 3524 1463 3573 pro
1486 3512 1792 3561 descendente
1812 3506 1989 3559 Ambr.
2004 3506 2097 3557 sed
2108 3507 2243 3560 Pau.

171 3593 544 3642 descendentem
565 3591 878 3655 praeferunt,
902 3590 1008 3657 Mg.
1033 3591 1150 3642 Par.
1189 3594 1604 3643 descendendum:
1641 3592 1765 3659 quid
1797 3591 1842 3641 si
1871 3580 2017 3655 legas
2050 3591 2247 3640 descen-

169 3676 331 3726 dendo
347 3682 374 3725 Ρ
425 3702 494 3714 -
545 3678 600 3724 in
633 3689 733 3724 uno
756 3702 820 3712 —
845 3671 1024 3739 libello)
1062 3674 1152 3727 Sic
1179 3676 1326 3731 Pau·
1350 3690 1467 3726 cum
1500 3676 1672 3727 Ambr-
1707 3680 1763 3726 in
1783 3689 1939 3724 unum
1961 3674 2136 3739 vulgo.
2175 3702 2241 3712 —
