2567 4084
13 0 40 503 τ

1159 139 1243 205 95

166 320 595 387 conturbavit.
679 318 892 387 Huius
934 340 1086 406 ergo
1127 321 1339 405 gentis
1354 368 1373 405 ,
1430 324 1505 386 ut
1544 320 1812 405 assolet,
1870 326 2234 407 venatores,

166 420 320 486 dum
379 419 450 485 in
503 419 790 487 ulteriori
843 420 1186 487 Maeotidis
1251 421 1393 507 ripa
1446 420 1823 487 venationes
1878 422 2233 508 inquirunt,

164 518 716 602 animadvertunt,
785 518 1107 606 quomodo
1173 540 1256 586 ex
1318 518 1668 606 improviso
1734 538 1927 586 cerva
1981 540 2051 585 se
2104 520 2233 586 illis

166 618 440 696 obtulit,
497 618 911 705 ingressaque
965 619 1270 705 paludem
1325 638 1497 685 nunc
1554 617 1971 704 progrediens
1987 666 2006 702 ,
2062 636 2235 683 nunc

165 718 545 807 subsistenS,
586 717 864 783 indicem
905 738 974 783 se
1014 720 1162 785 viae
1202 720 1449 785 tribuit.
1537 717 1748 801 Quam
1792 718 1993 785 secuti
2032 736 2235 783 vena-
2284 784 2290 794 ,

161 820 332 883 tores
375 815 681 903 paludem
719 816 1110 885 Maeotidem
1127 867 1145 902 ,
1197 837 1391 904 quam
1432 818 1811 904 imperviam
1850 822 1926 883 ut
1964 815 2235 902 pelagus
2334 878 2349 886 ,

166 916 646 1000 existimabant,
697 915 974 1003 pedibus
1015 917 1342 984 transiere.
1430 919 1586 983 Mox
1629 936 1907 1005 quoque,
1946 921 2021 981 ut
2062 916 2233 999 Scy-

165 1015 342 1080 thica
395 1019 567 1081 terra
620 1014 859 1099 ignotis
913 1018 1272 1104 apparuit,¹
1326 1036 1517 1082 cerva
1576 1017 1909 1103 disparuit.
2016 1013 2233 1099 Quod,

170 1114 364 1181 credo
383 1163 401 1198 ,
463 1114 724 1201 spiritus
771 1112 866 1181 illi
890 1166 908 1199 ,
965 1117 1138 1182 unde
1179 1115 1553 1202 progeniem
1594 1116 1883 1193 trahunt,
1944 1114 2031 1179 ad
2072 1112 2235 1197 Scy-

163 1214 421 1279 tharum
463 1214 773 1279 invidiam
815 1234 1018 1305 egere,
1084 1216 1211 1281 „Illi
1253 1234 1407 1281 vcro
1428 1263 1447 1299 ,
1507 1215 1619 1301 qui
1661 1219 1916 1299 praeter
1956 1214 2233 1280 Maeoti-

165 1314 311 1379 dem
367 1312 674 1400 paludem
727 1313 924 1380 alium
965 1316 1272 1382 mundum
1332 1334 1473 1381 esse
1525 1314 1783 1400 penitus
1823 1313 2233 1397 ignorabant,

163 1412 582 1478 admiratione
610 1412 858 1479 inducti
884 1420 1088 1480 terrae
1117 1414 1480 1499 Scythicae,
1526 1418 1609 1497 et,
1651 1417 1726 1478 ut
1752 1417 1901 1479 sunt
1943 1410 2231 1493 solerteS,

162 1511 282 1577 iter
349 1510 513 1577 illud
574 1512 738 1577 nulli
793 1517 943 1577 ante
1013 1515 1208 1579 aetati
1271 1514 1675 1580 notissimum
1736 1511 2045 1579 divinitus
2108 1508 2234 1575 sibi

117 1686 126 1697 ¹
163 1620 494 1678 ostensum
518 1613 664 1697 rati,
705 1613 790 1679 ad
817 1632 968 1679 suos
996 1612 1285 1697 redeunt,
1330 1614 1423 1681 rei
1442 1617 1695 1699 gestum
1726 1612 2018 1695 edocent,
2068 1608 2243 1693 Scy--

160 1712 364 1777 thiam
405 1711 702 1797 laudant,
744 1732 1178 1799 persuasaque
1219 1717 1409 1797 gente
1450 1734 1569 1779 sua
1609 1714 1721 1778 via
1744 1760 1761 1789 ,
1806 1714 1999 1799 quam
2042 1728 2235 1776 cerva

163 1810 375 1876 indice
419 1810 720 1896 didicere,
763 1811 848 1877 ad
891 1812 1222 1897 Scythiam
1263 1817 1633 1900 properant,
1684 1817 1747 1877 et
1777 1814 2233 1898 quantoscum-
2296 1872 2299 1880 .

168 1932 291 1999 que
352 1909 584 1977 obvios
646 1911 714 1976 in
774 1912 1068 1997 ingressu
1129 1910 1514 1995 Scytharum
1572 1911 1857 1978 habuere
1875 1960 1894 1994 ,
1964 1908 2233 1975 litavere

165 2148 320 2196 moda
351 2162 448 2213 pro
481 2148 717 2210 quietam·
749 2163 800 2197 v.
823 2150 1050 2197 vicinam
1079 2154 1270 2210 yentem
1292 2148 1622 2199 conncrboevit.
1648 2174 1713 2185 —
1735 2148 1901 2197 Hm'm
1924 2158 2033 2209 erqo
2054 2143 2233 2209 flentis)

168 2229 366 2281 Vocem
404 2233 562 2292 yentie
605 2228 808 2280 addunt
837 2229 968 2281 Exc.
1001 2231 1145 2295 Epit.
1190 2235 1244 2281 et
1271 2231 1453 2282 Ambrl
1495 2231 1599 2283 nisi
1641 2230 1781 2296 quod
1825 2229 1883 2279 in
1923 2229 2025 2279 hoc
2069 2234 2235 2291 grentes

163 2312 373 2379 legitur.
397 2340 466 2353 —
487 2319 544 2364 ut
577 2311 778 2379 assolet)
811 2313 896 2363 Ita
925 2328 1020 2377 pro
1055 2314 1196 2379 vulg.
1228 2319 1353 2363 solet
1382 2315 1518 2365 Pall.
1545 2344 1605 2353 -
1635 2317 1945 2375 inyreseoeque
1960 2311 2231 2377 paludem)

165 2394 252 2447 sio
281 2395 422 2448 Pan.
457 2411 576 2446 cum
607 2396 739 2447 Rod.
772 2396 902 2450 Exn.
937 2397 1081 2461 Epit.
1109 2399 1299 2459 palude
1332 2398 1505 2463 vulgo,
1541 2396 1610 2434 --'—
1649 2398 1863 2445 indicem
1904 2412 1957 2445 ee
1994 2400 2112 2445 viae
2142 2399 2233 2445 tn·-

165 2474 292 2543 bm‘t)
315 2478 444 2528 Exc.
467 2479 710 2529 indicium
731 2483 848 2529 viae
869 2480 1067 2541 nibai&
1088 2495 1182 2543 pro
1206 2481 1381 2529 tribuit
1399 2480 1506 2545 Mg.
1529 2479 1647 2529 Par.
1668 2479 1904 2541 praebat
1924 2480 2149 2531 exhibet.
2164 2506 2233 2519 -

164 2559 542 2627 eaeistimnbam)
575 2560 726 2612 Haec
756 2561 931 2626 lectio,
969 2576 1124 2625 quam
1157 2560 1329 2611 firmat
1358 2561 1641 2613 Rodericus
1654 2596 1669 2625 ,
1700 2562 1955 2613 Rhenano
1988 2563 2230 2616 debetur:

163 2659 284 2694 nam
319 2644 404 2695 ed.
428 2660 508 2711 pr.
539 2645 883 2696 aestimabant
909 2646 1163 2710 praefert3
1199 2643 1304 2709 Mg.
1326 2644 1447 2693 Par.
1472 2646 1809 2708 affirmabant
1826 2647 2003 2697 habet.
2026 2672 2094 2685 --
2114 2648 2235 2698 Mox

163 2726 370 2794 quoque)
409 2728 624 2780 Mallem
667 2742 886 2793 moxque.
930 2754 998 2765 -—
1041 2726 1313 2794 invidiam)
1358 2728 1484 2779 Post
1526 2728 1629 2779 hoc
1675 2730 1987 2781 vocabulum
2032 2730 2235 2783 addunt

165 2810 283 2863 edd.
317 2826 401 2877 pr.
433 2814 488 2859 id
521 2826 826 2875 pronomen,
871 2811 1010 2876 quod
1051 2813 1160 2862 iam
1201 2828 1236 2861 a
1267 2812 1591 2869 Leunclavio
1630 2814 1781 2865 uncis
1810 2814 2069 2865 inclusum
2102 2814 2235 2865 'Vul-

163 2895 346 2944 canius
381 2894 584 2958 expulit
616 2908 647 2945 e
677 2899 840 2947 textu.
875 2920 944 2931 —
976 2898 1062 2945 Im
1092 2894 1230 2962 vero)
1262 2896 1441 2946 Ambr.
1462 2898 1569 2945 ills'c
1599 2908 1731 2946 vere.
1756 2924 1825 2935 —
1839 2904 2044 2961 praeter
2063 2900 2233 2949 Maeo-

161 2978 318 3027 tidem
356 2976 628 3043 paludem)
672 2977 848 3027 Ambr.
886 2983 1090 3041 praeter
1128 2981 1459 3029 Maenadum.
1507 3006 1575 3017 --
1620 2984 1783 3029 cenae
1813 2982 2098 3045 Scythicae)
2142 2982 2235 3035 sio

161 3060 292 3110 Exc.
317 3074 438 3109 cum
471 3059 554 3110 ed.
580 3058 758 3122 Grut.;
791 3076 841 3109 v.
865 3065 1028 3111 terrae
1047 3063 1293 3125 Scythiae.
1316 3090 1385 3101 -·
1421 3065 1552 3112 nulli
1572 3068 1690 3113 ante
1711 3068 1875 3113 aetati
1892 3065 2231 3131 normanum)

163 3142 247 3192 Ita
267 3143 402 3191 Pall.
440 3157 558 3193 cnm
579 3142 710 3193 Exc.
739 3143 844 3193 nisi
877 3144 1016 3208 quod
1045 3145 1178 3196 haec
1209 3151 1385 3195 notum
1416 3160 1511 3210 pro
1544 3148 1890 3209 notissimum5
1922 3162 2080 3213 quam
2098 3148 2229 3199 Exc-

165 3227 458 3288 lectionem,
493 3224 539 3275 si
571 3225 705 3277 alias
735 3224 1135 3289 confirmaretur,
1167 3228 1477 3293 reciperem3
1513 3244 1564 3277 v.
1598 3232 1730 3278 nulli
1766 3234 1887 3279 ante
1919 3232 2052 3279 Itoenc
2084 3234 2231 3280 aeta·

166 3313 264 3357 tem
300 3311 634 3359 notissimum
664 3336 732 3347 —-
765 3313 840 3359 rei
870 3316 1060 3373 qeotum
1088 3309 1309 3377 edocent)
1342 3309 1431 3361 Sic
1451 3310 1583 3361 Pall.
1620 3326 1739 3362 cum
1760 3311 1935 3363 Ambr.
1971 3310 2063 3363 sed
2094 3310 2231 3367 Exn.

167 3398 338 3441 aenam
374 3393 589 3457 edocmt,
624 3392 704 3443 ed.
737 3392 855 3443 Par.
891 3408 995 3442 rem
1024 3399 1218 3456 oesiam
1247 3395 1473 3456 edocent;
1506 3410 1555 3445 v.
1590 3399 1665 3457 rei
1693 3400 1883 3458 qestum
1916 3395 2128 3445 eademst.
2160 3422 2231 3435 -

167 3473 354 3541 obvios)
399 3475 502 3526 Pro
534 3476 638 3525 hac
669 3490 799 3526 voce
833 3480 978 3539 priua
1022 3476 1080 3525 in
1113 3477 1353 3529 omnibus
1388 3477 1507 3530 edd.
1539 3477 1758 3543 legitur,
1800 3475 1893 3529 sed
1936 3478 2104 3527 obvios
2146 3476 2231 3529 mi

165 3559 424 3609 vocabulo
459 3572 574 3611 esse
605 3559 1017 3611 substituendum
1048 3560 1244 3625 primus
1273 3559 1408 3611 vidit
1438 3561 1727 3613 Vulcanius
1740 3597 1755 3627 ,
1791 3575 2089 3627 quanquam
2120 3575 2231 3611 non

168 3640 384 3708 recepit.
452 3641 774 3695 Confirmant
815 3647 990 3694 autem
1034 3644 1381 3696 coniecturam
1418 3642 1530 3695 eius
1573 3643 1752 3701 Ambr.
1796 3642 1915 3712 (qui
1956 3648 2133 3697 tamen
2174 3647 2231 3697 et
