2567 4084
1237 171 1349 220 XII

267 343 600 445 Freculph.
635 353 969 443 Frwulphi,
994 354 1279 442 episcopi
1296 353 1739 434 Lexoviensis‚
1775 352 2155 438 chronicon3
2183 373 2339 440 pro-

353 540 366 544 „
397 462 516 531 diit
557 466 835 552 primum
875 463 1161 530 Novesii.
1222 463 1409 529 1539.

267 575 425 656 Exc·
454 587 764 676 Excerpta
789 602 871 656 ox
897 586 1171 672 Iordane,
1207 607 1350 674 quae
1377 586 1675 672 primum,
1711 587 1883 674 quod
1916 587 2133 672 sciam,
2164 606 2340 653 com-

392 685 622 785 parent
661 695 731 761 in
757 693 1124 760 Ekkehardi
1169 693 1485 760 Chronico
1514 695 1863 761 universali
1904 700 1975 779 et
2000 695 2172 760 edita
2194 699 2344 760 sunt

397 825 544 871 cum
585 803 746 869 alias
762 851 780 888 ,
823 807 962 868 tum
1002 802 1070 867 in
1113 802 1675 868 Monumentorum
1718 801 2013 868 German.
2060 802 2342 869 historic.

356 965 360 970 .
394 933 435 978 a
475 914 686 979 Pertz.
731 910 978 996 vulgat.
1023 911 1206 977 Tom.
1250 910 1368 976 VI.
1414 908 1644 976 deinde
1684 909 1753 974 in
1791 909 2109 978 Chronico
2152 913 2343 976 etiam

392 1019 824 1104 Ursbergensi
867 1025 934 1086 et
973 1019 1150 1086 alias.
1195 1019 1539 1104 (Caeterum
1582 1018 1756 1105 quod
1795 1019 1879 1084 ad
1908 1020 2346 1104 Ursbergense

401 1128 762 1194 chronicon
805 1127 1050 1206 attinet,
1095 1127 1371 1194 monitos
1413 1126 1567 1194 volo
1608 1125 1900 1211 lectore8‚
1946 1115 2108 1213 cani,
2154 1147 2347 1215 quam

397 1231 857 1302 Melanehtho'n
902 1236 1038 1302 eius
1083 1235 1354 1310 curavit,
1401 1234 1769 1318 editionem,
1813 1235 2068 1302 nullius*
2095 1235 2235 1302 esse
2263 1235 2347 1301 ad

396 1351 686 1410 nostrum
736 1363 890 1410 usus
905 1391 924 1428 ‚
970 1363 1166 1430 quum
1183 1392 1202 1428 ,
1258 1363 1399 1429 quae
1445 1361 1527 1407 ex
1569 1340 1842 1409 Iordane
1885 1350 2187 1432 excerpta
2229 1363 2345 1410 ex-

403 1451 586 1518 hibet
603 1501 624 1537 ,
669 1473 706 1520 e
747 1451 1037 1540 principe
1081 1452 1272 1519 huius
1316 1451 1598 1517 editione
1640 1456 1883 1516 mutata
1927 1452 2072 1521 sint.

277 1562 429 1645 eod.
487 1563 731 1668 Stuttg.
775 1575 985 1646 Godex
1011 1573 1472 1644 Ekkehardiani
1502 1571 1782 1645 chronici
1806 1576 2349 1660 membranaceus,

404 1690 721 1751 exaratus,
769 1704 817 1750 s.
861 1683 1018 1750 XII.
1063 1684 1173 1770 qui
1212 1683 1293 1750 N.
1336 1685 1479 1748 411.
1524 1688 1815 1762 notatus,
1877 1690 2242 1752 asservatur
2284 1685 2352 1749 in

406 1791 800 1858 bibliotheca
841 1791 1021 1879 publ.
1071 1812 1201 1877 reg.
1250 1790 1666 1876 Stuttgartiae.

276 1904 437 1985 Rod·
486 1916 768 1988 Rodorici
807 1915 1114 2002 Ximenez,
1159 1915 1627 2003 archiepiscopi
1669 1915 1985 2001 Toletani,
2028 1936 2239 1985 rerum
2280 1919 2348 1984 in

414 2026 727 2114 Hispania
767 2030 1091 2110 gestarum
1125 2024 1276 2090 libri
1300 2025 1422 2096 lx„
1468 2025 1734 2090 accessit
1762 2023 2138 2106 Gethorum‚
2181 2027 2350 2092 Ara-

412 2133 569 2201 bum
598 2140 661 2199 et
673 2134 1106 2199 Romanorum
1133 2134 1401 2200 historia
1416 2156 1433 2217 3
1450 2133 1667 2200 insunt
1680 2132 2009 2220 Hispaniae
2022 2133 2350 2201 illustratae

413 2242 595 2309 Tom.
640 2242 725 2308 Π.
783 2241 1073 2309 Francos.
1136 2243 1319 2308 1603.
1379 2239 1518 2305 Fol.

291 2351 569 2435 Gobelina
612 2364 892 2436 eoseum
935 2365 1235 2454 Persona,
1281 2365 1508 2432 decani
1532 2363 1939 2432 anemensis
1971 2373 2034 2432 et
2064 2367 2352 2435 officialis

411 2473 974 2560 Paderbornensis,
1023 2473 1576 2543 Cosmodromium
1594 2523 1611 2554 ,
1674 2475 1799 2541 hoc
1854 2479 1949 2540 est
1994 2475 2353 2545 Chronicon

412 2583 773 2650 universale
816 2602 873 2651 a.
903 2605 961 2649 o.
995 2603 1048 2649 c.
1095 2584 1180 2649 ad
1214 2604 1269 2651 a.
1301 2584 1382 2652 A.
1423 2583 1497 2651 C.
1531 2585 1713 2651 1418.
1753 2581 2068 2648 Insertum
2111 2587 2355 2670 reperi-

408 2695 514 2756 tur
583 2690 780 2756 Henr.
857 2691 1190 2757 Meibomii
1277 2691 1545 2758 iunioris
1615 2691 1851 2756 Rerum
1927 2691 2356 2761 Germanicar.

413 2797 704 2885 scriptor.
750 2799 916 2865 Tom
940 2798 994 2864 Ι.
1055 2799 1409 2868 Helmstad.
1459 2801 1640 2866 1686.
1698 2797 1835 2865 Fol.

286 2907 451 3014 Epli·
500 2921 715 2992 Lenem
757 2921 952 3011 Sylvii
995 2923 1281 2989 Historia
1326 2924 1719 3008 Gothorum3
1776 2924 1941 2990 inest
1995 2925 2064 2991 in
2115 2926 2357 2994 Duellii

410 3030 574 3115 Biga
617 3029 926 3099 librorum
953 3032 1289 3098 rariorum.
1335 3031 1627 3099 Francos.
1674 3036 1738 3099 et
1761 3033 1939 3120 Lips.
1988 3035 2171 3104 1730.
2215 3035 2357 3102 Fol.

284 3139 468 3222 Boni*-
513 3155 764 3225 Antonii
806 3153 1067 3224 Bonflnii
1090 3157 1331 3222 Rerum
1362 3157 1870 3244 Hungaricarum
1916 3156 2192 3224 decades
2236 3159 2357 3228 Iv.

411 3265 647 3330 Poson.
708 3265 889 3331 1744.
950 3263 1092 3331 Ful:

283 3373 366 3455 R.
419 3373 488 3456 S·
549 3388 833 3459 Iordanis
873 3388 1032 3459 liber
1072 3387 1150 3456 do
1197 3388 1546 3476 Regnorum
1589 3396 1656 3456 et
1698 3396 2057 3478 temporum
2098 3411 2361 3461 succes-

411 3496 610 3580 sione,
654 3498 956 3583 vulgatus
997 3502 1137 3564 tum
1165 3497 1345 3582 aliae,
1390 3501 1528 3564 tum
1557 3517 1703 3566 cum
1752 3499 1917 3568 libro
1950 3500 2238 3570 eiusdem
2280 3503 2363 3569 de

413 3604 604 3672 Goth.
639 3627 732 3674 or.
765 3611 830 3674 et
852 3606 990 3678 reb.
1012 3625 1074 3694 g.
1102 3605 1171 3671 in
1195 3604 1341 3672 edd.
1369 3605 1693 3691 Vulcanii‚
1712 3608 1986 3698 Grutori,
2010 3609 2362 3678 Muratorii.
