2567 4084
1131 180 1252 245 127

153 365 444 448 uterque.
523 361 668 447 Qua
723 380 883 449 pace
937 360 1142 427 Attila
1155 408 1174 445 ‚
1229 360 1613 427 Hunnorum
1670 360 1952 429 omnium
2010 360 2219 432 domi-

152 480 276 527 nus
317 465 385 527 et
425 478 632 547 paene
673 460 872 527 totius
915 459 1220 547 Scythiae
1278 460 1565 545 gentium
1620 460 1795 527 solus
1846 459 1917 525 in
1978 462 2221 531 mundo

152 564 458 645 regnator
473 608 492 645 ,
549 564 688 627 erat
729 560 974 627 famosa
1012 560 1179 625 inter
1221 578 1443 633 omnes
1494 564 1715 645 gentes
1770 558 2055 626 claritate
2096 560 2221 626 mi-

152 659 398 727 rabilis.
484 660 596 726 Ad
636 679 827 748 quem
867 660 936 727 in
976 660 1361 745 legationem
1404 678 1474 725 se
1516 660 1781 727 missum
1822 678 1863 725 a
1915 658 2221 727 Theodo-

153 759 250 825 sio
291 760 545 827 iuniore
585 762 843 829 Priscus
885 760 1226 827 historicus
1265 758 1381 825 tali
1421 778 1583 825 voce
1622 759 1789 825 inter
1830 759 1957 825 alia
1984 758 2219 831 refert:

152 858 454 944 Ingentia
489 860 814 947 siquidem
856 859 1122 927 flumina
1137 909 1158 943 ‚
1215 859 1287 925 id
1326 864 1423 925 est
1461 858 1703 925 Tisiam
1722 908 1739 943 ‚
1784 858 2223 945 Tibisiamque
2316 864 2328 871 '

157 962 222 1023 et
263 959 567 1025 Driccam
607 965 1010 1027 transeuntes
1027 1008 1044 1043 ‚
1109 958 1411 1025 venimus
1452 956 1522 1021 in
1576 958 1789 1023 locum
1844 956 2053 1036 illum,
2106 956 2223 1023 ubi

152 1056 400 1123 dudum
445 1058 764 1144 Vidigoia,
811 1058 1170 1125 Gothorum
1209 1054 1621 1139 fortissimus,
1668 1056 2027 1131 Sarmatam
2072 1054 2221 1123 dolo

153 1156 498 1242 occubuit3
571 1158 848 1245 indeque
901 1176 1032 1223 non
1087 1156 1278 1240 longe
1336 1155 1423 1221 ad
1476 1154 1693 1220 vicum
1709 1202 1727 1237 ,
1788 1156 1857 1221 in
1912 1176 2041 1241 quo
2103 1174 2219 1223 rex

149 1256 361 1321 Attila
432 1257 801 1323 morabatur
828 1306 845 1341 ,
917 1257 1133 1323 vicum
1205 1254 1467 1340 inquam
1490 1302 1509 1339 ,
1578 1254 1663 1319 ad
1722 1253 1923 1319 instar
1992 1253 2219 1321 civita-

149 1356 234 1421 tis
293 1355 725 1441 amplissimae
743 1404 762 1439 ,
820 1356 888 1421 in
946 1374 1078 1441 quo
1131 1352 1349 1437 lignea
1400 1352 1653 1419 moenia
1708 1372 1790 1419 ex
1840 1351 2079 1427 tabulis
2120 1353 2223 1417 ni-

153 1454 442 1521 tentibus
509 1454 858 1521 fabret'acta
933 1452 1284 1539 reperimus
1304 1500 1322 1534 ,
1408 1472 1678 1539 quarum
1746 1472 2059 1539 compago
2132 1452 2223 1517 ita

153 1554 434 1619 solidum
477 1553 937 1637 mentiebatur,
983 1558 1055 1617 ut
1096 1552 1210 1617 vix
1251 1552 1336 1618 ab
1380 1552 1627 1619 intento
1668 1556 1889 1639 posset
1928 1552 2223 1619 iunctura

149 1653 517 1719 tabularum
577 1651 1052 1739 comprehendi.
1141 1650 1413 1718 Videres
1458 1651 1735 1718 triclinia
1774 1651 2021 1718 ambitu
2060 1672 2222 1737 pro·
2284 1714 2293 1729 ,

147 1751 384 1816 lixiore
437 1751 714 1818 distenta
763 1754 1180 1839 porticusque
1239 1754 1309 1819 in
1364 1754 1539 1820 omni
1582 1754 1811 1821 decore
1856 1753 2221 1840 dispositas

149 1852 326 1917 Area
377 1872 531 1918 vero
591 1854 786 1919 curtis
839 1853 1084 1937 ingenti
1125 1851 1372 1919 ambitu
1414 1851 1789 1936 cingebatur
1802 1902 1821 1938 ,
1877 1858 1949 1919 ut
1990 1853 2222 1941 ampli-

151 1952 313 2017 tudo
369 1952 514 2037 ipsa
565 1952 806 2036 regiam
860 1952 1073 2018 aulam
1131 1952 1513 2019 ostenderet.
1608 1951 1751 2016 Hae
1805 1953 1988 2019 sedes
2042 1958 2223 2019 erant

153 2118 364 2171 solenni
396 2118 540 2185 apud
571 2124 804 2170 nostrum
837 2120 1112 2170 verborum
1142 2120 1356 2169 secedere
1387 2124 1444 2170 et
1474 2121 1689 2171 recedere
1726 2122 2123 2186 permutatione.
2156 2148 2223 2161 -

157 2204 274 2264 Qua
288 2208 594 2267 paee—erat
620 2201 1155 2267 famosa—mirabilis)
1190 2201 1280 2253 Sic
1313 2202 1447 2252 Pau.
1483 2217 1601 2254 cum
1632 2203 1810 2254 Ambr.
1867 2206 1982 2265 Qua
2006 2212 2224 2268 pacatur

158 2290 314 2349 -qui
336 2292 446 2336 erat
462 2286 970 2351 famosa—mirabilis
986 2284 1162 2349 vulgo,
1197 2310 1268 2322 -
1298 2300 1349 2335 se
1369 2286 1813 2353 missum-refert)
1846 2288 1931 2337 Ita
1947 2287 2081 2338 Pall.
2104 2303 2221 2339 cum

153 2369 334 2419 Ambr.
386 2368 478 2419 sed
529 2367 610 2419 ed.
663 2366 811 2417 Grut.
861 2371 1068 2428 missum
1121 2384 1172 2420 v.
1209 2372 1458 2419 remissus.
1526 2367 1803 2436 historicus)
1855 2370 2011 2420 Hanc
2043 2384 2224 2421 vocem

155 2466 222 2503 ex
256 2451 375 2503 edd.
410 2468 488 2517 pr.
539 2452 814 2502 revocavit
865 2449 1065 2500 addunt
1105 2451 1242 2503 Pall.
1287 2466 1494 2515 quoque
1538 2455 1593 2502 et
1624 2451 1769 2516 Epit.
1809 2452 2007 2518 primus
2054 2455 2227 2505 omisit

153 2534 448 2585 Vulcanius
467 2572 481 2599 ,
533 2533 672 2599 quod
702 2548 809 2583 non
840 2532 1081 2583 debebat.
1158 2534 1323 2585 Prisci
1354 2534 1494 2585 enim
1526 2535 1730 2599 quoties
1760 2537 2076 2587 mentionem
2106 2539 2225 2589 inii-

151 2619 228 2669 cit
257 2616 523 2680 Iordanis,
559 2618 780 2666 historici
819 2616 1030 2667 nomine
1062 2629 1181 2666 eum
1215 2619 1391 2679 ornat3
1438 2631 1489 2674 v,
1524 2630 1639 2681 opp.
1674 2618 1758 2683 24.
1792 2620 1875 2669 42.
1909 2620 1994 2673 49.
2026 2646 2094 2657 ·-—
2142 2622 2225 2670 15·-

151 2705 285 2751 eiam
307 2726 368 2737 --
388 2702 622 2750 Drieeam
656 2700 981 2763 transeuntes)
1032 2698 1188 2749 Hanc
1233 2698 1511 2750 lectionem
1558 2700 1842 2765 profectam
1891 2716 1924 2751 a
1970 2701 2226 2756 Rhenano

152 2798 336 2834 omnes
369 2788 488 2847 post
521 2784 768 2834 exhibent
799 2782 918 2841 edd.
951 2798 1074 2833 nam
1104 2786 1162 2835 in
1191 2782 1272 2835 ed.
1295 2799 1377 2849 pr.
1398 2788 1540 2836 recto
1563 2800 1688 2836 casu
1712 2786 1995 2839 efferuntur
2014 2790 2226 2841 nomina

153 2867 264 2931 ina,
301 2865 559 2929 quomodo
593 2870 648 2917 et
677 2866 736 2915 in
755 2866 891 2923 Pau.
921 2868 1079 2933 Ma,
1119 2868 1433 2931 Rbus-viaque
1464 2873 1511 2919 et
1529 2868 1725 2921 Dricca.
1792 2868 1992 2921 Eadem
2014 2874 2226 2925 nomina

152 2949 294 3001 sistit
329 2964 360 2999 e
399 2954 573 3001 nesta-o
609 2948 944 3017 Geographus
977 2950 1106 3003 Rav.
1141 2950 1233 3016 IV,
1270 2954 1355 3005 14.
1399 2952 1505 3005 nisi
1536 2952 1675 3018 quod
1706 2955 1863 3003 Drica
1892 2968 1988 3019 pro
2022 2956 2223 3007 Βῆσσα.

151 3031 324 3082 Paulo
356 3036 533 3082 tamen
565 3033 718 3084 aliter
750 3034 899 3085 effert
931 3050 996 3086 ea
1022 3036 1228 3087 Priscus
1258 3037 1375 3101 ipse
1406 3051 1459 3102 p.
1499 3038 1611 3089 183.
1646 3032 2004 3109 ναυσιπόροις
2031 3054 2226 3111 προσε-

147 3109 396 3182 βάλυμεν
426 3120 714 3183 ποταμόῖς,
729 3134 806 3167 ων
829 3135 886 3170 οι
906 3118 1188 3188 μέγιστοι
1183 3135 1316 3171 usta
1338 3135 1435 3172 τον
1447 3113 1703 3192 ''Iarpov‘
1682 3115 1717 3173 ό
1738 3135 1797 3171 τε
1821 3115 2044 3191 Δρήκων
2066 3115 2223 3192 λεγό-

146 3212 324 3264 μενος
348 3198 440 3249 και
467 3190 501 3248 o‘
529 3198 700 3269 quoec
723 3200 814 3251 καὶ
837 3218 868 3252 o
897 3197 1148 3269 Τιφήσας
1169 3190 1249 3271 ἦν.
1273 3231 1345 3243 -
1382 3204 1637 3269 Viaiqoia)
1669 3202 1760 3255 Sic
1789 3220 1885 3269 pro
1912 3203 2057 3269 vulg.
2087 3204 2225 3255 Vidi-

148 3286 272 3333 eula
324 3282 458 3332 Pall.
509 3296 624 3333 cum
666 3284 844 3339 Ambr.
889 3290 944 3335 et
987 3286 1094 3353 Mg.
1141 3287 1261 3341 Par.
1307 3286 1544 3349 Indiyoioe
1576 3285 1761 3339 Blond.
1795 3292 1850 3337 et
1880 3285 2033 3339 Bonf.
2066 3312 2133 3324 —
2166 3299 2223 3337 a

148 3364 346 3415 tabulis
377 3366 644 3417 nitentibus
673 3368 978 3433 fabrefacta)
1029 3370 1113 3420 Ita
1143 3368 1229 3423 ed.
1261 3369 1379 3420 Par.
1422 3368 1525 3421 nisi
1565 3369 1705 3434 quod
1746 3368 2020 3433 tumentibus
2052 3368 2222 3431 sistit3

139 3448 409 3511 fabricata
457 3450 634 3516 vulgo.
685 3477 754 3488 -
805 3466 925 3503 area
940 3480 1007 3491 —
1024 3453 1198 3532 eume)
1248 3452 1339 3505 Sic
1370 3452 1505 3507 Pau.
1551 3465 1759 3519 quoque
1803 3465 1918 3503 cum
1950 3450 2093 3516 Epit.
2130 3451 2223 3503 sed

145 3532 333 3583 Ambr.
369 3536 532 3599 eorus,
566 3534 706 3599 quod
738 3536 1068 3587 coniecerunt
1099 3520 1204 3588 iam
1237 3541 1297 3588 ut
1328 3534 1557 3588 melioris
1587 3533 1891 3586 Latinitatis
1923 3534 2222 3587 auctoribus

147 3614 402 3667 usitatius
417 3615 762 3684 Peutingerus
795 3624 848 3671 et
867 3619 1172 3687 Vulcanius,
1207 3625 1260 3673 et
1294 3634 1397 3723 quo
1431 3618 1575 3671 ducit
1607 3618 1763 3671 etiam
1793 3618 1953 3669 lectio
1986 3616 2068 3669 ed.
2100 3616 2219 3670 Par.

143 3700 375 3749 oomnis.
410 3725 477 3737 —-·
