2567 4084
1173 143 1254 210 51

186 326 649 414 praecepisset,
693 327 818 392 hoc
861 323 1074 392 modis
1113 323 1413 391 omnibus
1458 323 1908 411 expetendum,
1950 325 2075 390 hoc
2108 325 2266 394 utile

183 426 546 492 iudicantes
563 473 584 508 ,
651 424 904 491 effectui
969 423 1427 509 manciparent.
1536 422 1667 508 Qui
1722 443 1989 490 cernens
2042 444 2265 492 eorum

185 523 440 590 animos
481 523 608 588 sibi
649 523 718 588 in
760 521 1058 589 omnibus
1102 521 1367 588 obedire
1408 527 1475 588 ct
1526 522 1816 589 naturale
1858 542 1971 589 eos
2023 522 2265 590 habere

189 621 542 706 ingenium,
585 641 838 688 omnem
879 640 1085 708 paene
1111 620 1589 710 philosophiam
1618 641 1727 688 eos
1754 621 2084 688 instruxit:
2129 626 2269 688 erat

191 722 362 788 enim
403 720 598 786 huius
638 722 733 787 rei
775 719 1078 804 magister
1120 719 1381 806 peritus.
1438 721 1607 786 Nam
1646 721 1921 788 ethicam
1962 742 2073 788 eos
2116 739 2289 788 eru-.

187 821 392 904 diens,
452 818 826 886 barbaricos
871 839 1077 888 mores
1121 819 1551 908 compescuit3
1608 819 1939 905 physicam
1980 820 2263 904 tradenS,

188 918 569 986 naturaliter
611 919 888 1006 propriis
929 918 1184 1004 legibus
1212 920 1432 985 vivere
1462 917 1629 994 fecit,
1674 939 1833 1007 quas
1861 939 2064 1007 usque
2092 937 2265 1004 nunc

189 1020 589 1106 conscriptas
617 1018 958 1104 Belagines
999 1022 1413 1104 nuncupant3
1454 1018 1729 1104 logicam
1770 1021 2107 1102 instruenS,
2154 1037 2268 1085 eos

185 1121 454 1188 rationis
507 1136 703 1204 supra
759 1123 1000 1184 ceteras
1056 1121 1278 1201 gentes
1333 1116 1486 1183 fecit
1540 1123 1881 1205 expertos3
1940 1118 2265 1204 practicen

187 1219 556 1301 ostendens,
599 1216 669 1282 in
706 1215 896 1282 bonis
937 1214 1186 1282 actibus
1239 1217 1604 1282 conversari
1658 1217 1893 1301 suasit3
1939 1217 2265 1283 theoricen

188 1319 658 1398 demonstrans,
704 1315 1030 1399 signorum
1075 1313 1413 1381 duodecim
1468 1319 1531 1379 et
1586 1333 1703 1400 per
1745 1307 1823 1380 ea'
1862 1316 2265 1401 planetarum

188 1437 416 1484 cursus
458 1432 842 1498 omnemque
887 1414 1341 1480 astronomiam
1385 1414 1803 1500 contemplari
1856 1413 2145 1499 edocuit,
2200 1420 2267 1480 et

191 1513 515 1604 quomodo
617 1513 858 1578 lunaris
956 1513 1130 1578 orbis
1226 1519 1635 1596 augmentum
1736 1513 2041 1598 sustinet,
2152 1517 2265 1580 aut

184 1617 432 1704 patitur
499 1612 950 1678 detrimentum
969 1659 988 1695 ,
1060 1611 1298 1694 edixit,
1385 1612 1665 1698 solisque
1733 1612 1965 1698 globus
2035 1613 2265 1698 igneus

191 1720 504 1804 quantum
546 1720 868 1777 terrenum
911 1709 1132 1790 orbem
1173 1710 1241 1774 in
1282 1730 1583 1777 mensura
1626 1711 1918 1795 excedat,
1962 1712 2265 1798 ostendit,

189 1821 298 1881 aut
365 1812 604 1901 quibus
657 1809 1024 1877 nominibus
1078 1808 1184 1875 vel
1242 1808 1477 1895 quibus
1532 1810 1729 1894 signis
1785 1811 1853 1877 in
1908 1812 2070 1878 coeli
2111 1813 2265 1899 polo

191 1918 534 1998 vergentes
556 1915 668 1976 aut
686 1913 1094 1993 revergentes
1117 1913 1439 1976 trecentae
1461 1909 1881 1996 quadraginta
1906 1930 2020 1976 sex
2043 1912 2267 1978 stellae

189 2013 270 2081 ab
316 2017 466 2079 ortu
506 2010 574 2075 in
618 2029 914 2076 occasum
957 2011 1342 2098 praecipites
1384 2014 1591 2094 ruant,
1638 2009 1950 2096 exposuit.
2039 2008 2267 2095 Qualis

187 2251 242 2298 in
273 2250 415 2298 cmm
443 2273 512 2284 --
533 2247 854 2308 philosophia
898 2259 976 2295 eos
1009 2249 1256 2310 mmm,
1293 2246 1396 2298 nisi
1430 2243 1569 2310 quod
1601 2245 1669 2295 ab
1701 2244 1829 2296 Exo-
1862 2249 1921 2296 δη
1950 2250 2269 2314 praepositio

187 2332 335 2382 abest
354 2347 370 2379 ε
405 2328 497 2380 sed
529 2329 694 2393 magis
727 2327 1030 2378 correctoris
1061 2327 1192 2377 haee
1231 2327 1390 2378 lectio
1424 2341 1539 2378 esse
1582 2327 1790 2377 videtur
1824 2342 1979 2393 qnam
2010 2331 2265 2397 Iordanis,

189 2416 279 2480 qui
314 2417 559 2464 imtruere
589 2416 644 2462 et
693 2411 780 2460 hic
825 2415 880 2461 et
921 2411 1059 2460 infra
1103 2409 1287 2462 eodem
1329 2412 1519 2462 struxit
1556 2410 1709 2462 modo
1723 2447 1738 2476 ,
1774 2427 1877 2476 quo
1910 2414 2077 2464 docere
2108 2416 2269 2482 vulgo

192 2497 422 2550 struitur.
493 2496 748 2560 Ceterum
767 2494 1046 2545 lectionem
1074 2493 1204 2546 Exn.
1239 2493 1440 2557 recepit
1458 2492 1741 2544 Lindenbr.
1780 2523 1839 2534 -
1874 2499 2111 2557 maye-ster
2134 2501 2273 2560 pert·

169 2582 289 2647 'tu-s)
323 2580 412 2630 Ita
441 2579 558 2630 edd.
589 2579 708 2628 Par.
743 2581 798 2628 et
831 2575 1006 2628 Garet.
1039 2579 1232 2640 peritus
1265 2576 1323 2624 in
1368 2575 1554 2626 ceteris
1588 2575 1701 2626 edd.
1742 2591 1850 2626 non
1887 2582 2169 2642 comparet.
2198 2605 2269 2618 -

186 2660 422 2728 ethicam)
463 2661 640 2712 Ambr.
683 2665 731 2710 ετ
771 2661 866 2722 hic,
903 2673 1040 2724 quae
1083 2673 1238 2710 voces
1285 2662 1340 2708 et
1381 2659 1529 2722 ipsae
1572 2663 1869 2709 contractae
1909 2659 1971 2712 in
2012 2665 2171 2711 imam
2214 2666 2271 2713 et

184 2746 394 2812 virgula
424 2759 578 2808 super
611 2759 638 2792 c
670 2743 825 2793 litera
854 2743 1030 2806 posita
1061 2743 1274 2792 ethicam
1314 2739 1609 2796 conficiunt.
1642 2765 1712 2778 —
1756 2739 2003 2808 erudiens)
2043 2741 2133 2794 Sic
2171 2759 2269 2810 pro

184 2845 238 2880 v.
283 2829 500 2879 erudivit
545 2826 722 2877 Ambr.
765 2851 834 2864 —-
877 2825 1157 2876 barbaricos
1200 2839 1359 2878 mores
1404 2822 1719 2890 compescuit)
1768 2822 1857 2875 Sic
1904 2823 2037 2875 Pan.
2064 2825 2267 2878 Ambr.

183 2910 464 2974 Pteculph.
511 2910 616 2966 nisi
663 2909 803 2974 quod
851 2907 940 2958 hic
980 2908 1243 2972 barbaros,
1312 2923 1421 2960 non
1464 2908 1744 2960 hav-bancos
1806 2909 2049 2971 exhibet3
2111 2924 2163 2960 v.
2210 2916 2271 2960 ut

187 2991 470 3040 barbaricos
527 3004 686 3040 mores
744 2992 809 3039 ab
873 2995 941 3042 eis
1007 2997 1341 3054 compesceret.
1400 3016 1469 3029 —
1524 2991 1801 3042 barbaricos
1844 3006 2001 3042 mores
2054 3005 2271 3056 compca·

187 3071 313 3139 cuit)
347 3073 492 3124 Huic
523 3073 806 3126 elocutioni
833 3074 980 3126 addit
1010 3075 1338 3138 Freculphus
1382 3074 1504 3138 alia,
1538 3089 1674 3139 quae
1705 3089 1879 3140 neque
1908 3075 1967 3125 in
1996 3074 2145 3126 libris
2178 3073 2271 3124 ad-

185 3157 294 3208 huc
326 3156 558 3206 excussis
587 3157 842 3222 visuntur,
877 3173 1049 3222 neque
1080 3158 1138 3208 in
1159 3156 1278 3208 edd.
1303 3156 1539 3208 Iordanis
1572 3155 1889 3222 comparent,
1908 3157 1987 3207 de
2013 3171 2179 3208 suone
2199 3170 2269 3208 an

155 3272 160 3281 .
185 3239 416 3306 pleniori
453 3239 587 3289 libro
624 3255 768 3304 usus,
807 3241 924 3305 quis
954 3239 1142 3290 dixerit
1158 3240 1184 3288 ’ἒ
1220 3239 1359 3290 Sunt
1390 3246 1565 3292 autem
1597 3242 1729 3292 haec
1743 3258 1761 3292 ε
1796 3239 2096 3292 minibus
2118 3243 2167 3288 et
2186 3240 2271 3286 dc-

186 3325 344 3372 verac’s
379 3322 608 3372 cantibus
643 3327 844 3376 animos.
857 3325 1132 3374 demulcens
1162 3335 1349 3388 corum,
1384 3325 1627 3373 studio-sos
1659 3324 1901 3374 reddidit.-
1923 3323 2053 3372 unde
2083 3326 2129 3370 et
2160 3334 2272 3371 car-

195 3411 342 3456 mina
377 3411 435 3456 in
467 3409 690 3468 ipsorum
725 3411 898 3470 linqua
925 3410 1092 3458 adhuc
1123 3411 1315 3456 emtam
1348 3407 1543 3456 diversa
1574 3407 1639 3454 ab
1671 3409 1741 3455 eis
1774 3407 2061 3468 composita.
2084 3427 2154 3440 —
2172 3404 2271 3454 Be·-

190 3493 402 3555 lam’ma)
444 3489 530 3540 Ita
571 3491 706 3540 Pall.
751 3505 868 3542 cum
911 3491 1064 3542 Bonf.
1111 3491 1401 3551 Becoqioneo
1443 3488 1619 3539 Ambr.
1666 3489 1945 3550 Bellaqims
1982 3486 2156 3552 vulgo.
2200 3511 2275 3524 -

191 3575 474 3640 umens)
505 3572 592 3623 Ita
634 3574 792 3639 vulgo
837 3577 892 3624 et
934 3587 1070 3624 unus
1112 3571 1227 3625 Pal.
1271 3571 1367 3623 sed
1410 3571 1543 3622 alter
1584 3572 1856 3635 extenderis,
1903 3568 2043 3634 quod
2072 3569 2278 3634 recepit

173 3656 404 3714 ‚Gi-uter.
435 3683 504 3696 --
537 3662 781 3708 meme
811 3657 1142 3721 quadratam
1173 3671 1254 3706 aa
1285 3658 1478 3718 stellae]
1512 3654 1617 3707 Tot
1646 3654 1777 3704 Pan.
1814 3669 1933 3706 cum
1968 3653 2143 3706 Ambr.
2182 3667 2275 3704 ex·

1781 3734 1865 3788 4·
