2567 4084
1162 156 1240 222 31

160 338 518 405 Diceneum
531 386 550 422 ,
593 338 852 404 tertium
891 338 1266 423 Zamolxen,
1312 339 1391 403 de
1434 358 1563 425 quo
1606 339 1897 425 superius
1942 340 2240 409 diximus,

159 436 300 504 Nec
343 439 716 523 defuerunt,
780 438 891 525 qui
933 458 1044 505 eos
1087 436 1463 525 sapientiam
1521 438 1859 505 erudirent.
1931 440 2120 507 Unde
2176 446 2240 507 et

159 556 370 625 paene
411 538 708 605 omnibus
748 538 1040 604 barbaris
1067 538 1266 605 Gothi
1302 538 1717 625 sapientiores
1754 558 2003 625 semper
2038 541 2238 607 exsti-

161 644 409 723 terunt,
455 638 841 723 Graecisque
881 640 1088 725 paene
1133 638 1524 715 consimiles,
1570 643 1643 704 ut
1683 639 1871 703 refert
1913 639 2041 705 Dio
2060 689 2077 724 ,
2125 639 2238 727 qui

161 737 464 803 historias
506 758 724 804 eorum
767 736 1152 823 annalesque
1185 736 1431 803 Graeco
1476 738 1623 803 stilo
1666 739 2043 823 composuit.
2108 738 2238 823 Qui

161 836 331 903 dixit
373 837 647 923 primum
692 834 1080 901 Tarabostes
1124 855 1266 917 eoS,
1326 835 1557 901 deinde
1596 835 1913 902 vocitatos
1948 836 2235 905 Pileatos

161 937 303 1020 hoe,
353 938 483 1024 qui‘
505 938 667 1004 inter
710 956 820 1003 eos
847 954 1079 1021 genere
1108 940 1461 1016 exstarent,
1508 955 1587 999 ex
1630 934 1864 1019 quibus
1908 937 1999 1001 eis
2036 944 2100 1003 et
2130 958 2234 1005 re-

157 1056 272 1121 ges
319 1043 384 1101 et
427 1036 786 1101 sacerdotes
829 1032 1306 1099 ordinabantur.
1371 1034 1557 1099 Adeo
1596 1054 1747 1117 ergo
1779 1033 1953 1101 fuere
1990 1036 2235 1104 laudati

162 1137 389 1219 Getae,
432 1143 504 1201 ut
546 1136 786 1201 dudum
811 1135 1098 1216 Martem,
1139 1155 1328 1220 quem
1370 1138 1703 1220 poetarum
1747 1135 1998 1201 fallacia
2042 1137 2234 1203 deum

159 1236 316 1303 belli
360 1236 761 1321 pronunciat,
804 1235 976 1319 apud
1019 1253 1130 1299 eos
1172 1233 1369 1299 fuisse
1412 1234 1625 1299 dicant
1668 1240 1979 1301 exortum.
2044 1236 2233 1303 Unde

161 1340 224 1401 et
265 1335 598 1422 Virgilius

306 1454 752 1533 Gra-divumque
785 1460 1054 1533 patrem,
1103 1453 1331 1514 Geticis
1372 1459 1475 1532 qui
1513 1452 1821 1532 praesidet
1862 1455 2075 1515 armis.

335 1567 539 1652 Quem
598 1566 865 1631 Martem
921 1566 1117 1632 Gothi
1183 1586 1433 1652 semper
1492 1567 1836 1651 asperrima
1896 1566 2229 1653 placavere

100 1664 109 1668 “
156 1667 409 1733 cultura
450 1670 623 1753 (nam
665 1668 960 1732 victimae
1006 1666 1141 1730 eius
1185 1671 1420 1731 mortes
1465 1667 1639 1732 fuere
1668 1668 2043 1753 captorum),
2086 1669 2230 1754 opi-

153 1776 407 1854 nantes,
443 1767 756 1835 bellorum
799 1765 1157 1852 praesulem
1203 1772 1351 1851 apte
1393 1767 1655 1833 humani
1698 1770 2023 1852 sanguinis
2067 1769 2228 1834 effu-

155 1868 340 1933 sione
383 1867 787 1954 placandum.
873 1866 1042 1929 Huic
1086 1865 1361 1949 praedae
1405 1866 1751 1952 primordia
1803 1868 2227 1950 vovebantur,

123 1968 308 2034 ‚huic
351 1968 588 2033 truncis
631 1965 1184 2051 suspendebantur
1227 1966 1498 2034 exuviae
1518 2014 1533 2045 ,
1589 1973 1849 2053 eratque
1903 1966 2028 2032 illis
2072 1968 2224 2033 reli-

151 2067 368 2151 gionis
407 2074 660 2153 praeter
698 2070 982 2131 caeteros
1029 2067 1387 2132 insinuatus
1418 2066 1703 2147 affectae,
1749 2085 1941 2153 quum
1978 2066 2227 2151 parenti

154 2167 426 2295 devotio
488 2168 766 2234 numinis
833 2168 1156 2232 videretur
1211 2166 1513 2295 impendi.
1585 2167 1803 2232 Tertia
1857 2186 2012 2232 vero
2074 2166 2225 2232 sede

151 2362 220 2373 -
234 2290 530 2385 habuerunt
539 2290 808 2400 eruditum)
831 2334 958 2384 Exe.
983 2336 1293 2384 eruditorem.
1330 2362 1396 2372 —
1429 2336 1555 2385 dixit
1576 2336 1861 2385 Parabeste-r
1874 2332 1976 2400 eos)
2000 2336 2225 2385 Multum

151 2420 389 2468 variatur
419 2419 477 2468 in
510 2419 609 2469 hoc
639 2421 878 2469 nomine·
863 2455 876 2482 ,
913 2418 1188 2468 lectionem
1221 2423 1482 2481 receptam
1515 2419 1705 2467 sistunt
1734 2417 1867 2467 Pall.
1902 2418 2078 2468 Ambr.
2112 2420 2219 2485 Mg.

149 2502 269 2550 Par.
307 2499 399 2551 sed
432 2501 545 2553 cod.
579 2501 806 2556 Vindob.
841 2504 954 2553 652.
992 2518 1106 2553 cum
1134 2502 1276 2567 Epit.
1318 2502 1679 2561 Tarabosteros,
1714 2501 1839 2551 Exc.
1882 2502 2219 2562 Tar-aboneoe,

151 2584 293 2648 quod
327 2585 523 2648 recepit
564 2585 997 2650 Lindenbrogius,
1032 2586 1183 2639 Bonf.
1243 2586 1638 2644 farabertum„
1682 2585 1841 2649 vulgo
1884 2585 2073 2648 legitur
2118 2584 2222 2635 dis·

149 2667 374 2717 iunctim
413 2670 630 2717 Tar-ahos
669 2672 855 2719 Tereos.
903 2700 959 2708 -
1007 2669 1268 2736 vocitatos)
1303 2669 1479 2719 Ambr.
1512 2675 1731 2719 vocatos.
1772 2694 1843 2705 -·
1872 2672 1955 2729 qus·
1970 2688 2031 2704 -
2054 2684 2222 2730 yenere

151 2747 420 2815 exstarent)
456 2749 543 2801 Sic
575 2767 670 2816 pro
703 2754 845 2817 vulg.
879 2757 1099 2816 ymo-osi
1130 2759 1347 2803 extarent
1379 2752 1511 2802 Pall.
1546 2752 1638 2801 sed
1674 2750 1923 2801 Gruterus
1968 2752 2221 2801 exstabant
2291 2769 2298 2776 ·

149 2832 210 2880 in
245 2847 342 2882 sua
375 2832 532 2883 dedit.
579 2862 647 2872 -—
689 2852 811 2885 mm
844 2840 1076 2887 victimae
1093 2864 1158 2873 -
1177 2832 1460 2900 captorum)
1502 2835 1875 2885 Parentheseos
1908 2836 2057 2900 signo
2091 2835 2221 2885 haec

150 2916 316 2965 verba
349 2916 812 2968 circumscribenda
839 2919 985 2969 duxi.
1054 2919 1238 2984 Inepte
1281 2924 1437 2970 antea
1470 2918 1902 2983 distinguebatur,
1944 2923 2221 2981 asperrima

143 3004 412 3063 placavere
443 3006 651 3055 cultura.
695 3002 824 3049 Nam
855 3006 1088 3053 victimae
1121 3006 1225 3053 eim
1257 3009 1437 3051 mortes
1470 3003 1606 3064 fuere
1638 3008 1893 3064 captorum
1909 3036 1926 3064 ‚
1962 3006 2221 3064 opinantes

150 3088 252 3132 cet.
289 3109 359 3121 —
388 3087 644 3143 victimae)
669 3084 772 3149 Mg.
795 3085 912 3135 Par.
937 3091 1214 3141 vie-timum.
1245 3116 1313 3125 —-
1344 3082 1624 3150 opinantes)
1659 3086 1766 3150 Mg.
1789 3086 1907 3134 Par.
1933 3088 2217 3147 opinantur.

147 3166 454 3230 praesulem)
488 3167 594 3233 Mg.
632 3169 750 3221 Par.
776 3172 1073 3232 praesidem.
1135 3198 1204 3207 —
1265 3167 1400 3235 apte)
1442 3170 1528 3221 Sic
1569 3184 1663 3233 pro
1695 3169 1839 3233 vulg.
1884 3172 2049 3231 aptius
2084 3166 2217 3217 Pall.

148 3248 260 3313 Mg.
294 3247 411 3298 Par.
445 3250 576 3303 Exc.
607 3278 675 3291 —·
702 3255 986 3315 primordia
1017 3254 1345 3318 vovebantur)
1387 3253 1591 3303 Aeneas
1624 3250 1834 3318 Sylvius
1868 3256 1921 3301 et
1952 3250 2219 3300 Bonfinius

141 3334 410 3395 primitiae
445 3333 716 3396 exhibent,
753 3350 872 3384 nam
905 3340 1040 3397 tam,
1079 3336 1293 3400 opinor,
1336 3334 1474 3400 quod
1510 3336 1587 3384 ita
1622 3336 1680 3385 in
1718 3335 1863 3385 libris
1896 3334 2005 3383 suis
2038 3332 2219 3396 depre-

145 3414 462 3480 henderunt,
477 3431 631 3480 quam
649 3417 784 3481 quod
795 3417 966 3467 aliena
980 3418 1124 3468 iUius
1143 3419 1287 3469 vocis
1303 3417 1679 3483 significatione
1698 3414 2217 3478 offensi,vocabulum

145 3499 407 3549 vocabulo
429 3500 821 3552 substituerunt.
851 3526 920 3537 —
949 3502 1140 3551 devotio
1155 3501 1402 3565 numinis)
1425 3499 1508 3549 Ita
1526 3515 1622 3564 pro
1644 3499 1784 3564 vulg.
1801 3500 2019 3546 nominis
2040 3496 2214 3546 Ambr.

149 3586 204 3632 et
235 3582 320 3632 ed.
357 3581 507 3632 Grut.
547 3610 615 3621 —
653 3585 820 3633 Tertia
851 3599 965 3634 vero
995 3586 1130 3646 sede)
1167 3584 1255 3635 Sic
1285 3584 1417 3633 Pall.
1450 3582 1583 3635 Rod.
1613 3580 1889 3645 Freeulph.
1924 3579 2012 3629 hic
2044 3584 2219 3628 tamen

147 3664 330 3715 addita
363 3666 421 3715 in
452 3666 862 3730 praepositione3
898 3684 948 3721 v,
979 3670 1124 3717 tertia
1158 3680 1272 3716 vero
1303 3668 1451 3719 sedes.
