2567 4084
1305 161 1391 228 30

323 348 608 413 virorum
633 342 1001 410 formidavit
1027 342 1315 408 audacia.
1376 341 1666 426 Quorum
1691 339 2085 405 mansionem
2112 335 2392 424 primam

317 462 458 513 esse
499 446 565 511 in
589 443 890 529 Scythiae
934 441 1071 508 solo
1114 440 1297 507 iuxta
1335 440 1633 527 paludem
1662 437 2069 522 Maeotidem,
2100 435 2391 502 secundo

314 545 384 610 in
423 544 691 628 Moesia,
736 541 1136 628 Thraciaque
1180 543 1243 604 et
1273 539 1497 622 Dacia,
1540 539 1727 603 tertio
1770 558 1965 624 supra
2004 556 2179 602 mare
2207 535 2391 602 Pon·-

315 643 512 709 ticum
567 661 785 707 rursus
828 639 895 704 in
941 639 1206 725 Scythia
1260 637 1533 722 legimus
1586 637 1939 703 habitasse:
1992 655 2113 703 nec
2164 655 2389 702 eorum

207 743 210 745 ’
313 741 564 806 fabulas
629 724 868 805 alicubi
927 738 1279 825 reperimus
1339 739 1638 824 scriptaS,
1708 737 1816 822 qui
1868 755 1980 802 eos
2039 735 2257 801 dicunt
2314 735 2387 800 in

313 839 644 903 Britannia
699 837 807 905 vel
861 839 928 903 in
985 857 1114 903 una
1171 835 1457 924 qualibet
1496 835 1849 901 insularum
1904 836 1970 900 in
2014 833 2387 900 servitutem

313 936 638 1021 redactos,
697 943 761 1002 et
815 937 883 1002 in
935 939 1124 1002 unius
1167 934 1402 1001 caballi
1443 936 1649 1021 pretio
1704 955 1743 999 a
1788 933 2065 1021 quodam
2108 937 2383 1018 ereptos.

313 1039 450 1101 Aut
493 1041 659 1102 certe
703 1037 758 1101 si
800 1038 944 1124 quis
989 1058 1099 1103 eos
1135 1035 1319 1102 aliter
1354 1035 1587 1100 dixerit
1624 1036 1690 1098 in
1729 1039 1945 1098 nostro
1971 1031 2149 1117 orbe,
2189 1051 2383 1118 quam

316 1134 487 1220 quod
519 1155 636 1200 nos
661 1136 960 1221 diximuS,
993 1137 1188 1202 fuisse
1222 1140 1499 1216 exortoS,
1534 1135 1721 1199 nobis
1757 1131 2029 1218 aliquid
2024 1130 2379 1217 obstrepit:

313 1253 429 1298 nos
473 1240 638 1300 enim
680 1236 895 1320 potius
931 1237 1188 1302 lectioni
1231 1236 1570 1318 credimus,
1618 1254 1807 1319 quam
1841 1231 2072 1296 labulis
2102 1231 2382 1296 anilibus

315 1334 762 1400 consentimus.
849 1334 939 1400 Ut
969 1354 1120 1419 ergo
1157 1334 1240 1400 ad
1269 1339 1558 1399 nostrum
1580 1327 1991 1420 propositum
2024 1331 2379 1425 redeamuS,

310 1431 378 1496 in
430 1431 634 1517 prima
687 1433 838 1498 sede
884 1432 1186 1518 Scythiae
1238 1435 1419 1500 iuxta
1460 1432 1845 1499 Maeotidem
1912 1419 2381 1496 commanentes

311 1529 612 1616 praefati,
673 1531 842 1598 unde
897 1531 1250 1618 loquimur,
1312 1534 1573 1599 Filimer
1629 1551 1840 1615 regem
1882 1530 2183 1610 habuisse
2225 1550 2381 1596 nos-

313 1635 562 1697 cuntur.
641 1631 719 1696 In
775 1632 1090 1715 secunda,
1153 1633 1223 1698 id
1281 1637 1413 1718 est,
1475 1632 1716 1697 Daciae
1734 1680 1750 1713 ,
1820 1629 2257 1716 Thraciaeque
2316 1633 2383 1695 et

313 1727 591 1796 Moesiae
635 1731 772 1796 solo
811 1731 1186 1816 zamolxen,
1231 1752 1421 1819 quem
1467 1733 1663 1797 mirae
1703 1729 2187 1816 philosophicae
2231 1747 2380 1794 eru-

313 1828 572 1894 ditionis
633 1829 828 1895 fuisse
903 1836 1212 1896 testantur
1277 1831 1565 1918 plerique
1631 1831 1969 1916 scriptores
2033 1829 2377 1894 annalium.

309 1926 474 1992 Nam
517 1937 580 1994 et
622 1919 892 1994 Zcutam
947 1932 1124 2016 prius
1171 1931 1531 1996 habuerunt
1574 1929 1925 2013 eruditum,
1982 1935 2129 2015 post
2186 1927 2380 1992 etiam

315 2042 1258 2050 —mm

309 2084 484 2130 nostro
519 2080 722 2130 Aeneas
737 2078 957 2145 Sylvius
977 2082 1034 2130 in
1065 2081 1134 2130 Π.
1171 2087 1321 2145 parte
1352 2081 1508 2132 Asiae
1541 2097 1585 2130 c.
1612 2082 1693 2130 29.
1730 2095 1782 2144 p.
1817 2081 1933 2131 307.
1971 2105 2032 2114 —
2074 2081 2379 2139 Quorum-—

311 2167 582 2229 habitasse)
618 2167 700 2215 Ita
733 2165 997 2228 scripsisse
1016 2164 1291 2214 Iordanem
1313 2169 1372 2214 ut
1393 2165 1521 2214 mihi
1544 2162 1899 2228 persuadeam,
1928 2162 2145 2211 multum
2168 2160 2375 2210 absum:

313 2247 441 2313 quid
473 2249 632 2314 igitur
664 2250 708 2299 si
740 2249 902 2313 legas,
937 2249 1155 2312 expulso
1190 2263 1289 2296 esse
1321 2249 1479 2298 verbo
1492 2284 1505 2311 ,
1558 2261 1673 2310 quos
1705 2250 1959 2295 mansione
1985 2248 2157 2307 prima
2198 2271 2251 2280 -
2298 2258 2377 2292 se-

310 2331 988 2394 cunda-tertia—leyimus
1009 2332 1267 2379 habitasse.
1304 2357 1365 2366 -
1404 2326 1720 2394 iri—pretio)
1740 2329 2199 2393 Praepositionem‚
2225 2340 2379 2390 quam
2422 2369 2427 2372 .

311 2412 504 2464 delevit
536 2413 834 2478 Rhenanus,
867 2414 1050 2464 reduxi
1068 2419 1103 2462 'e
1125 2412 1256 2463 Pall.
1281 2413 1387 2478 Mg.
1411 2412 1530 2462 Par.
1564 2412 1646 2464 ed.
1666 2428 1742 2477 pr.
1782 2437 1845 2446 —-
1882 2429 1916 2460 a
1936 2413 2151 2474 quodam
2172 2406 2378 2474 ereptos)

311 2495 400 2547 Sic
431 2496 564 2550 Pall.
597 2497 771 2568 Ambr.
807 2497 915 2562 Mg.
937 2497 1052 2546 Par.
1091 2494 1214 2562 (nisi
1247 2495 1387 2559 quod
1420 2495 1507 2545 hic
1539 2511 1574 2543 a
1605 2497 2041 2560 praepositionem
2075 2492 2288 2560 omittit)
2324 2498 2379 2543 et

309 2579 390 2629 ed.
426 2595 504 2644 pr.
552 2595 847 2646 quanquam
885 2580 1015 2630 haec
1049 2580 1301 2643 quondam
1336 2593 1429 2643 pro
1464 2595 1497 2626 a
1529 2579 1755 2640 quodam.
1813 2579 2026 2628 Minime
2049 2583 2223 2627 autem
2246 2591 2381 2640 opus

309 2667 403 2724 est,
443 2667 502 2712 ut
532 2665 804 2726 redemptos
836 2663 1086 2728 legamus,
1146 2661 1282 2726 quod
1315 2677 1350 2711 a
1381 2663 1630 2712 Rhenano
1663 2664 1721 2712 in
1740 2668 1937 2712 textum
1966 2663 2172 2712 illatum
2204 2661 2379 2710 adhuc

309 2745 425 2793 edd.
462 2747 678 2799 obsedit.
733 2747 865 2796 Nam
897 2750 1080 2807 eripere
1101 2746 1316 2795 verbum
1348 2752 1521 2796 nostro
1555 2746 1692 2795 idem
1724 2747 1866 2796 valet
1899 2746 2035 2810 qnod
2067 2746 2291 2795 liberare
2322 2761 2375 2795 v.

311 2827 374 2878 R.
411 2827 466 2878 S.
500 2843 620 2892 epp.
656 2830 737 2878 61.
775 2829 888 2876 118.
923 2829 1036 2878 121.
1069 2856 1138 2866 -
1171 2829 1274 2878 Aut
1309 2828 1454 2896 certe)
1488 2831 1725 2880 Fortasse
1759 2837 1815 2879 at
1847 2835 1985 2880 certe.
2023 2855 2075 2864 —-
2118 2831 2176 2878 in
2207 2834 2376 2877 nostro

308 2934 376 2945 -
399 2907 630 2975 diximus)
653 2909 828 2960 Ambr.
852 2914 908 2959 in
939 2917 1108 2960 nostra
1139 2912 1273 2977 urhe,
1308 2927 1473 2975 qtcam,
1501 2918 1560 2961 ut
1580 2928 1665 2960 nos
1689 2899 1928 2973 diximus3
1963 2928 2057 2977 pro
2088 2927 2237 2974 quam
2265 2913 2372 2978 Mg.

307 2992 424 3041 Par.
459 3005 739 3055 quanquam
771 2993 920 3044 sistit.
958 3020 1026 3030 —-
1057 2998 1114 3044 in
1135 3021 1203 3032 —-
1225 2997 1335 3044 sede
1360 2994 1607 3060 Scythiae)
1642 2995 1729 3046 Sic
1762 3012 1855 3060 pro
1887 2997 2027 3060 vulg.
2058 3001 2207 3058 parte
2238 2995 2372 3044 Pau.

307 3075 485 3126 Ambr.
519 3075 627 3140 Mg.
660 3075 778 3126 Par.
809 3075 1083 3142 Freculph.
1119 3078 1252 3128 Rod.
1288 3078 1417 3133 Exc.
1461 3107 1528 3118 -—
1577 3083 1715 3129 iuxta
1749 3080 2075 3142 Maeotidem)
2107 3079 2283 3128 Ambr.
2322 3082 2377 3128 et

308 3157 390 3210 ed.
423 3157 542 3211 Par.
573 3160 812 3221 paludem
838 3157 1050 3210 addunt.
1086 3189 1153 3199 —
1189 3167 1247 3212 in
1277 3165 1515 3226 secanda)
1553 3164 1637 3212 Ita
1656 3179 1750 3228 pro
1772 3168 1829 3212 in
1852 3163 2061 3212 seeundo
2085 3162 2217 3211 Pall.
2250 3162 2376 3211 Fre-

307 3242 481 3306 cnlph.
517 3240 646 3291 Rod.
680 3241 809 3292 Exc.
869 3271 936 3280 —
1003 3243 1296 3311 zamolxen)
1337 3245 1424 3296 Sic
1460 3248 1655 3312 primus
1694 3245 1836 3295 dedit
1873 3245 2163 3296 Vulcanius
2204 3259 2233 3294 e
2263 3245 2371 3309 Mg.

305 3327 519 3375 Leuncl.
550 3327 638 3376 vel
667 3327 784 3376 Par.
817 3325 1132 3392 astipulante
1161 3328 1445 3392 Roderico;
1494 3332 1549 3380 in
1586 3330 1700 3380 edd.
1739 3345 1815 3393 pr.
1860 3333 2131 3378 zalmoxen
2162 3328 2369 3392 legitur,

305 3409 444 3471 quod
479 3414 532 3459 et
559 3410 686 3461 Exc.
718 3411 1048 3475 praeferunt3
1084 3413 1142 3462 in
1171 3413 1276 3478 Mg.
1310 3413 1427 3462 Par.
1467 3417 1625 3475 „alias
1659 3416 1931 3462 Zamolaeen
1968 3413 2034 3460 al.
2070 3412 2371 3461 Salmoaeen“

303 3493 361 3540 in
415 3493 555 3556 Epit.
609 3496 896 3548 Holmoxen.
967 3523 1034 3533 —-
1099 3498 1257 3544 mirae
1318 3499 1685 3560 philosophicae
1742 3494 2047 3562 eruditionis)
2091 3495 2369 3559 Freculph.

306 3574 435 3624 Rod.
469 3575 596 3626 Exc.
631 3581 789 3627 mirae
805 3581 1147 3641 philosophiae
1179 3585 1228 3628 et
1248 3580 1545 3641 eruditionis,
1574 3595 1726 3643 quam
1746 3581 2021 3630 lectionem
2042 3579 2369 3642 recepissem,

309 3657 354 3708 si
387 3659 473 3710 vel
502 3676 639 3714 unus
676 3662 811 3714 liber
852 3661 1147 3713 addixisset.
1191 3691 1258 3702 -
1304 3661 1541 3728 Zeutam)
1571 3663 1846 3727 Freculph.
1882 3668 1935 3713 et
1974 3661 2106 3716 Exe.
2146 3665 2368 3713 Zeutem.
