2567 4084
1337 131 1422 200 5ss

344 318 590 380 verunt.
695 311 817 380 Oui
871 313 1241 400 provinciae
1306 319 1459 380 tunc
1519 317 1669 400 post
1732 314 2089 402 Agrippam
2154 314 2413 404 Oppius

343 415 635 497 praeerat
679 411 978 496 SabinuS,
1025 413 1254 479 Gothis
1298 419 1511 479 autem
1554 413 1940 500 Dorpaneus
1980 413 2415 502 principatum

343 511 598 594 agebat,
646 509 902 597 quando
931 511 1104 578 bello
1135 513 1473 580 commisso
1507 513 1723 597 Gothi,
1769 513 2075 581 Romanis
2116 516 2411 601 devictiS,

344 609 544 696 Oppii
587 609 813 676 Sabini
855 611 1065 697 capite
1111 609 1362 678 absciso
1383 661 1402 696 ,
1464 611 1665 677 multa
1708 612 1967 678 castella
2016 625 2075 680 et
2119 616 2413 682 'civitates

339 709 718 774 invadentes
779 709 860 774 de
920 715 1101 797 parte
1157 711 1559 800 imperatoris
1616 711 1875 797 publice
1916 713 2413 802 dep-raedamt.

343 807 489 894 Qua
529 808 906 874 necessitate
965 829 1227 876 suorum
1269 809 1678 876 Domitianus
1738 829 1883 876 eum
1939 812 2111 878 omni
2170 815 2413 881 virtute

340 925 460 973 sua
487 905 817 992 Illyricum
845 909 1242 994 properavit,
1288 913 1351 974 et
1390 911 1587 975 totius
1614 928 1819 995 paene
1848 911 2241 997 reipublicae
2288 915 2413 979 mi·-

340 1005 563 1073 litibus
633 1009 896 1075 ductore
964 1007 1174 1074 Fusco
1246 1009 1533 1093 praelato
1612 1029 1755 1075 cum
1823 1009 2182 1077 lectissimis
2256 1013 2413 1078 viris

341 1123 592 1172 amnem
650 1103 1022 1172 Danubium
1083 1107 1394 1174 consertis
1448 1107 1727 1174 navibus
1801 1109 1904 1172 ad·
1940 1111 2139 1176 instar
2195 1113 2415 1196 pontis

339 1209 728 1272 transmeare
773 1205 982 1288 coegit
1025 1225 1218 1291 super
1257 1207 1606 1273 exercitum
1646 1208 1995 1294 Dorpanei.
2068 1211 2236 1276 Tum
2268 1211 2415 1276 Go-

339 1303 436 1368 thi
478 1303 651 1369 haud
695 1323 920 1388 segnes
957 1305 1215 1390 reperti,
1259 1325 1437 1370 arma
1464 1311 1826 1392 capessunt,
1871 1308 2205 1394 primoque
2246 1329 2412 1376 con-

341 1478 410 1542 ‚ad
444 1479 538 1531 Sil.
575 1481 693 1530 Ital.
730 1480 836 1544 IX,
875 1483 956 1530 39.
1011 1481 1140 1544 XV,
1178 1483 1296 1534 466.
1354 1482 1543 1534 Deder.
1578 1482 1645 1532 ad
1678 1483 1819 1534 Diot.
1853 1483 1933 1548 11,
1968 1485 2051 1534 43.
2088 1511 2157 1524 --
2190 1487 2415 1548 Oppius)
2516 1503 2521 1510 ·

337 1560 428 1612 Sic
460 1562 636 1612 Ambr.
673 1563 784 1612 cod.
821 1563 1028 1616 Monac.
1063 1564 1171 1628 Mg.
1201 1564 1319 1612 Par.
1344 1562 1475 1614 Rod.
1500 1565 1628 1614 Exc.
1662 1566 1813 1616 Bonf.
1851 1571 1903 1615 et
1934 1568 2131 1630 recepit
2159 1567 2267 1616 iam
2290 1569 2416 1617 Lin-

337 1644 515 1695 denbr.
571 1643 644 1694 Et
673 1659 852 1695 verum
885 1645 1025 1695 istud
1060 1661 1171 1696 esse
1203 1645 1309 1694 viri
1340 1661 1545 1710 nomen,
1582 1648 1841 1697 docebunt
1876 1649 1989 1698 VV.
2024 1651 2140 1699 DD.
2180 1651 2250 1700 ad
2285 1650 2416 1701 Sue-⁶

335 1731 442 1777 ton.
480 1728 766 1780 Domitian.
803 1744 844 1778 c.
873 1731 920 1778 6.
957 1735 1010 1778 et
1045 1729 1114 1778 ad
1145 1729 1363 1794 Eutrop.
1388 1729 1509 1794 VII,
1548 1732 1629 1782 15.
1666 1729 1797 1797 (45).
1865 1730 1935 1780 At
1966 1731 2113 1796 Epit.
2143 1747 2259 1784 cum
2292 1733 2410 1784 edd.

333 1823 412 1874 pr.
451 1815 503 1860 et
535 1811 651 1859 Par.
687 1810 954 1874 Pompeius
985 1816 1358 1880 repraesentat,
1402 1827 1503 1877 quo
1536 1814 1595 1862 in
1625 1814 1835 1864 nomine
1867 1814 2069 1864 Publius
2107 1817 2301 1880 Oppius
2340 1818 2414 1866 la-

265 1893 268 1902 '
333 1897 446 1942 tere
481 1891 702 1943 videtur.
773 1893 844 1944 Et
866 1888 1040 1945 Publio
1075 1896 1236 1946 fuisse
1257 1909 1570 1960 praenomen
1595 1895 1807 1960 SabinO,
1842 1901 1991 1960 patet
2025 1913 2055 1948 o
2078 1898 2242 1948 Tacit.
2266 1899 2410 1952 Hist.

333 1972 404 2042 Π,
443 1977 526 2026 92.
571 1975 670 2040 111,
707 1978 790 2026 36.
841 1978 887 2027 si
919 1978 1072 2028 modo
1109 1977 1338 2030 Sabinus
1370 1993 1403 2027 a
1437 1979 1618 2030 Tacito
1652 1983 1966 2039 memoratus
2004 1979 2143 2030 idem
2177 1997 2298 2032 cum
2331 1997 2411 2052 ee,

335 2054 402 2109 de
437 2073 538 2124 quo
571 2059 809 2110 Iordanis
842 2060 895 2110 h.
931 2061 968 2110 1.
1005 2062 1249 2125 loquitur.
1323 2060 1478 2122 Quod
1512 2063 1669 2128 vulgo
1711 2063 1902 2126 legitur
1934 2063 2193 2126 Poppaeus
2232 2079 2263 2116 θ
2296 2065 2405 2132 Mg.

335 2139 416 2192 ed.
452 2141 742 2191 Leunclav.
777 2141 1001 2207 primum
1047 2160 1080 2193 a
1113 2142 1369 2194 Vulcanio
1411 2144 1468 2194 in
1514 2150 1715 2194 textum
1760 2149 1838 2195 est
1876 2144 2152 2196 admissum
2184 2146 2411 2212 indeque

331 2227 538 2288 praeter
558 2223 844 2274 Lindenbr.
881 2240 1058 2276 omnes
1091 2226 1295 2277 obsedit
1330 2225 1447 2278 edd.
1514 2227 1598 2278 Ita
1631 2233 1805 2278 autem
1840 2233 1899 2277 ut
1934 2229 2211 2280 conficeret
2232 2230 2409 2282 Leun-

334 2307 466 2357 clav.
515 2321 576 2356 eo
621 2306 830 2358 videtur
874 2323 986 2358 esse
1019 2315 1284 2374 permotus
1300 2345 1315 2374 ,
1360 2306 1499 2374 quod
1528 2309 1751 2372 Poppaei
1782 2311 1957 2359 Sabini
1989 2311 2129 2376 apud
2167 2312 2409 2364 Tacitum

333 2393 387 2442 et
419 2389 642 2440 Dionem
675 2390 795 2456 plus
831 2394 991 2443 semel
1027 2399 1104 2444 est
1137 2394 1349 2444 mentio.
1385 2421 1453 2432 -
1485 2389 1722 2458 Sabinus)
1757 2393 1935 2442 Ambr.
1970 2397 2023 2442 et
2060 2393 2169 2442 cod.
2196 2395 2405 2446 Monac.

330 2473 609 2526 Savicinus.
642 2501 712 2512 —
743 2473 940 2542 ayebat)
977 2476 1106 2532 God.
1139 2475 1346 2526 Monac.
1381 2475 1591 2538 yerebat.
1626 2503 1693 2512 —
1732 2473 1941 2542 absciso)
1977 2476 2241 2526 Revocavi
2273 2479 2409 2528 hano

327 2556 607 2608 lectionem
641 2573 707 2608 ex
741 2559 822 2610 ed.
859 2575 938 2624 pr.
971 2575 1064 2622 pro
1099 2560 1242 2625 vulg.
1279 2557 1507 2622 abscisso,
1551 2557 1690 2622 quod
1722 2559 1917 2622 primus
1949 2561 2006 2608 in
2040 2574 2135 2613 sua
2169 2560 2408 2611 exhibuit

328 2639 567 2692 Rhenan.
599 2642 824 2705 pessime
857 2655 1000 2695 sane.
1069 2638 1204 2692 Nam
1243 2641 1389 2690 aliud
1422 2645 1501 2690 est
1534 2642 1793 2703 abscidere,
1828 2641 1971 2691 aliud
2009 2643 2291 2693 abscindere
2302 2664 2320 2692 .·
2354 2661 2403 2694 v.

331 2737 466 2787 quae
499 2722 564 2774 de
597 2723 890 2774 discrimine
923 2725 1287 2790 frequentique
1322 2723 1623 2774 confusione
1654 2725 1926 2789 utriusque
1958 2725 2104 2775 verbi
2138 2726 2407 2790 disputant

333 2804 560 2856 Gronov.
600 2805 668 2854 ad
699 2807 817 2856 Liv.
852 2805 1044 2870 XLIV,
1081 2807 1130 2870 5,
1165 2809 1212 2858 ὅ.
1248 2809 1445 2858 Duker.
1482 2809 1550 2858 ad
1570 2809 1710 2860 Flor.
1732 2807 1805 2871 H,
1840 2811 1890 2872 2,
1926 2811 1974 2858 2.
2009 2809 2405 2866 Drakenborch.

330 2885 401 2938 ad
431 2887 550 2938 Liv.
585 2887 780 2950 XXXI,
819 2889 903 2953 34,
939 2890 988 2936 4.
1042 2887 1113 2937 id.
1161 2889 1229 2938 ad
1263 2887 1357 2940 Sil.
1392 2891 1457 2940 It.
1493 2891 1613 2956 XV,
1653 2891 1770 2940 473.
1826 2890 2043 2955 Rupert.
2080 2891 2148 2940 ad
2182 2893 2405 2944 eundem

329 2969 429 3033 m,
467 2971 582 3023 552.
618 2997 686 3008 -
725 2971 838 3030 Qua
871 2975 1150 3021 necessitate
1183 2971 1403 3040 suorum)
1448 2973 1549 3024 His
1587 2974 1759 3024 verbis
1794 2979 2077 3024 annectunt
2108 2975 2235 3025 Exc.
2272 2989 2404 3026 com-

329 3056 528 3116 pulsus,
577 3047 716 3116 quod
749 3060 1014 3122 receptum
1058 3055 1249 3120 legitur
1294 3059 1353 3106 in
1387 3057 1467 3106 ed.
1501 3056 1785 3106 Lindenbr.
1824 3043 1968 3120 Epit.
2004 3063 2197 3106 coactus
2231 3058 2403 3110 additt

328 3143 605 3201 utrumque
635 3140 843 3201 praeter
874 3139 1252 3192 necessitatem.
1285 3165 1353 3175 —
1385 3141 1641 3216 Iam-‘icum
1666 3131 1976 3206 properavit)
2022 3139 2177 3206 Vulg.
2204 3141 2261 3190 in
2282 3143 2403 3205 Illy-

328 3223 489 3270 ricum
523 3236 556 3269 a
587 3219 826 3270 Rhenan.
865 3227 968 3272 ests
1017 3237 1138 3271 nam
1169 3223 1487 3288 praepositio
1528 3223 1588 3272 in
1632 3223 1712 3272 ed.
1746 3237 1827 3287 pr.
1860 3233 1968 3272 non
2000 3223 2187 3274 visitur
2226 3239 2402 3288 neque

331 3315 461 3368 opus
495 3308 575 3354 est
609 3315 698 3364 ea3
734 3319 783 3352 v.
811 3309 987 3354 annot.
1023 3305 1090 3354 ad
1113 3319 1156 3354 o.
1183 3307 1232 3358 7.
1255 3331 1323 3342 -
1346 3307 1646 3370 lectissimis)
1682 3303 1769 3356 Sic
1800 3320 1897 3370 pro
1928 3305 2069 3370 vulg.
2097 3309 2403 3356 electissimis

331 3385 412 3437 ed.
440 3385 586 3438 Grut.
611 3413 678 3424 —-
700 3401 898 3436 amnem
919 3387 1232 3452 Danubium)
1271 3387 1396 3440 Cod.
1422 3389 1625 3440 Monac.
1662 3402 1779 3437 cum
1800 3387 1934 3440 Rod.
1971 3397 2023 3437 et
2045 3387 2174 3439 Exc.
2198 3403 2403 3440 amnem

331 3469 582 3535 Danubii,
623 3475 684 3518 ut
727 3485 884 3535 supra
926 3486 971 3524 c.
1007 3473 1088 3520 12.
1138 3472 1230 3522 sed
1271 3471 1380 3521 vid.
1426 3473 1631 3538 Zumpt.
1668 3471 1893 3522 Gramm.
1928 3469 2047 3520 Lat.
2094 3472 2142 3534 §-
2174 3473 2295 3522 258.
2336 3501 2404 3510 -

333 3553 584 3614 consertis)
623 3551 712 3603 Sic
746 3555 856 3608 cod.
895 3555 1097 3606 Monac.
1134 3555 1242 3620 Mg.
1279 3555 1395 3605 Par.
1430 3555 1562 3606 Rod.
1599 3557 1729 3610 Exc.
1752 3555 1903 3606 Bonf.
1940 3560 1995 3606 et
2028 3553 2109 3606 ed.
2144 3569 2223 3620 pr.
2261 3555 2404 3621 quod

332 3633 490 3698 vulgo
525 3633 716 3701 legitur
747 3639 996 3703 confertis,
1031 3637 1345 3689 Rhenanum
1378 3639 1539 3689 habet
1568 3645 1849 3690 auctorem.
1888 3661 1949 3677 --
1997 3643 2259 3704 primoque
2286 3653 2404 3690 con-
