2567 4084
1349 142 1471 207 170

538 321 781 407 XLIX.
840 304 1018 407 Qui,
1060 326 1133 390 ut
1173 320 1432 387 Priscus
1471 321 1812 390 historicus
1854 321 2064 407 refert,
2107 322 2443 390 exstincti-

374 421 515 491 onis
571 441 725 489 suae
780 426 1069 509 tempore
1122 420 1438 507 puellam,
1511 420 1718 489 Ildico
1777 420 2066 505 nomine,
2139 420 2442 487 decoram

374 522 570 589 valde
590 570 609 607 ‚
668 522 797 589 sibi
836 520 905 587 in
946 522 1416 587 matrimonium
1460 525 1610 607 post
1647 519 2144 589 innumerabiles
2184 537 2443 598 uxoreS,

373 627 444 689 ut
498 640 639 689 mos
696 625 832 687 erat
884 622 1095 705 gentis
1150 620 1361 697 illius.
1427 620 1710 704 socians,
1777 620 2040 706 eiusque
2090 620 2156 685 in
2199 617 2444 705 nuptiis

370 720 568 787 nimia
604 718 923 798 hilaritate
964 720 1304 804 resolutuS,
1348 720 1502 786 vino
1543 737 1897 805 somnoque
1923 725 2228 801 gravatus
2256 736 2444 783 resu-

369 820 561 906 pinus
617 819 869 885 iacebat
886 867 905 900 ‚
968 818 1460 905 redundansque
1513 818 1774 901 sanguis
1791 866 1810 902 ,
1877 816 1988 905 qui
2031 816 2090 881 ei
2131 813 2320 879 solite
2365 814 2442 877 de

368 918 635 986 naribus
699 918 1034 1003 effluebat,
1100 918 1254 993 dum
1316 918 1650 990 consuetis
1700 917 2016 985 meatibus
2069 913 2438 1000 impeditur.
2546 986 2547 991 ἵ

368 1016 597 1083 itinere
653 1016 835 1083 ferali
898 1016 1191 1084 faucibus
1244 1016 1514 1102 illapsus
1555 1035 1702 1083 eum
1745 1016 2070 1083 exstinxit.
2154 1012 2256 1079 Ita
2295 1011 2440 1096 glo·
2546 1016 2547 1019 ’

368 1114 541 1182 rioso
583 1135 699 1203 per
741 1116 912 1183 bella
954 1118 1089 1201 regi
1132 1116 1501 1185 temulentia
1541 1116 1912 1202 pudendum
1957 1115 2197 1181 exitum
2239 1110 2434 1177 dedit·

365 1214 674 1303 Sequenti
750 1236 904 1281 vero
978 1216 1159 1293 luce,
1239 1236 1438 1304 quum
1505 1236 1740 1300 magna
1795 1234 1946 1303 pars
2013 1214 2140 1281 diei
2202 1212 2425 1278 fuisset

368 1322 665 1402 exempta
681 1364 698 1395 ,
762 1316 1029 1383 ministri
1087 1317 1245 1401 regii
1289 1316 1468 1383 triste
1509 1315 1752 1402 aliquid
1795 1316 2192 1402 suspicantes
2209 1362 2226 1394 ‚
2289 1317 2434 1397 post
2546 1368 2547 1371 ,

368 1415 673 1483 clamores
716 1415 1029 1483 maximos
1070 1415 1241 1483 fores
1293 1416 1636 1501 effringunt
1687 1416 2150 1503 inveniuntque
2193 1412 2433 1479 Attilae
2545 1412 2547 1499 ζ

370 1516 507 1581 sine
550 1516 813 1583 vulnere
855 1534 1076 1583 necem
1120 1515 1447 1600 sanguinis
1493 1515 1798 1585 effusione
1841 1521 2162 1603 peractam
2185 1562 2203 1593 ‚
2249 1510 2431 1597 puel·
2545 1500 2547 1557 ἵ

361 1614 619 1701 lamque
662 1615 937 1683 demisso
981 1615 1167 1681 vultu
1194 1614 1316 1681 sub
1349 1613 1662 1681 velamine
1691 1614 2148 1693 lacrimantem.
2224 1612 2426 1690 Tunc,

370 1718 441 1779 ut
484 1714 658 1779 illius
692 1714 1086 1798 gentismos
1132 1718 1249 1796 est,
1296 1714 1562 1779 crinium
1603 1711 1784 1800 parte
1811 1720 2104 1779 truncata
2130 1710 2427 1775 informes

364 1813 559 1881 facies
602 1814 779 1880 cavis
820 1814 1160 1901 turpavere
1203 1814 1575 1881 vulneribus
1593 1860 1613 1896 ,
1657 1818 1730 1879 ut
1770 1812 2115 1899 proeliator
2157 1808 2425 1876 eximius

362 1934 493 1979 non
532 1914 821 1981 femineis
863 1912 1422 1980 lamentationibus
1467 1919 1530 1978 et
1570 1913 1848 1977 lacrimis
1871 1960 1890 1990 ,
1956 1910 2070 1977 sed
2119 1907 2424 1993 sanguine

363 2012 707 2128 lugeretur
742 2011 934 2079 virili.
1018 2012 1121 2077 De
1164 2032 1292 2097 quo
1336 2012 1403 2077 id
1447 2012 1712 2086 accessit
1755 2010 2080 2094 mirabile,
2139 2014 2212 2076 ut
2255 2008 2424 2073 Mar·

364 2114 578 2195 cinno,
610 2111 885 2198 principi
931 2110 1243 2195 orientia,
1287 2112 1368 2177 de
1411 2116 1542 2177 tam
1584 2114 1779 2177 feroci
1820 2111 2004 2177 hoste
2045 2107 2317 2175 sollicito
2359 2107 2423 2171 in

366 2211 605 2277 somnis
648 2210 949 2277 divinitas
992 2210 1316 2293 assistens,
1361 2230 1594 2279 areum
1619 2211 1858 2277 Attilae
1895 2211 1962 2275 in
1987 2208 2211 2275 eadem
2241 2214 2422 2271 noete

362 2308 630 2375 fractum
674 2311 1069 2394 ostenderet,
1136 2311 1322 2397 quasi
1365 2310 1538 2397 quod
1579 2330 1738 2393 gens
1780 2310 1924 2395 ipsa
1965 2309 2041 2373 eo
2084 2307 2215 2373 telo
2259 2306 2421 2373 mul-

361 2414 497 2474 tum
552 2416 933 2496 praesumat.
1021 2410 1163 2475 Hoc
1224 2411 1479 2478 Priscus
1539 2410 1881 2476 historicus
1937 2427 2088 2475 vera
2145 2426 2214 2471 se
2274 2405 2420 2469 dicit

350 2510 767 2576 ‘attestatione
820 2508 1113 2596 probare.
1202 2510 1368 2575 Nam
1426 2511 1492 2578 in
1551 2516 1798 2576 tantum
1851 2504 2097 2593 magnis
2140 2504 2420 2592 imperiis

358 2606 565 2673 Attila
630 2608 931 2675 terribilis
986 2606 1245 2675 habitus
1304 2616 1434 2693 est,
1499 2615 1572 2675 ut
1613 2610 1750 2676 eius
1793 2616 2058 2675 mortem
2103 2608 2169 2671 in
2211 2606 2418 2670 locum

357 2708 639 2773 muneris
694 2728 971 2795 superna
1025 2707 1440 2793 regnantibus
1499 2708 1872 2776 iudicarent.
1961 2706 2161 2775 Cuius
2203 2725 2417 2771 manes

386 2914 394 2925 ι
496 2891 1135 2956 Oap.XL1X.¹Qm‘,ut
1164 2895 1360 2945 Priame
1389 2894 1520 2961 cet.)
1565 2894 1718 2945 Haec
1749 2899 1829 2945 eat
1859 2894 1978 2947 edd.
2012 2908 2146 2959 quae
2178 2892 2420 2945 Viflcanii

354 2978 768 3039 antecesserunt,
824 2977 1052 3026 omnium
1083 2977 1255 3028 lectio.
1321 2978 1376 3029 Is
1407 2980 1604 3044 primus
1635 2979 1822 3029 Attilae
1853 2992 2043 3029 nomen
2073 2990 2170 3041 pro
2203 2974 2417 3027 relativo

352 3058 557 3123 posuit,
606 3058 942 3123 sequentibus
992 3060 1175 3111 ceteris
1224 3066 1432 3127 praeter
1467 3061 1762 3113 Gruterum.
1808 3088 1876 3101 α-
1925 3062 2254 3111 mmm
2299 3072 2416 3109 suae

354 3140 593 3207 tempore)
648 3142 757 3207 Mg.
793 3142 913 3196 Par.
948 3158 1065 3193 eum
1096 3142 1241 3207 Epit.
1272 3148 1430 3194 mnes
1463 3149 1558 3197 οιιί.
1589 3172 1658 3183 --
1689 3148 1852 3195 niuniu
1883 3141 2154 3209 warum)
2209 3142 2296 3193 Ita
2324 3157 2417 3207 pro

338 3224 495 3290 vulg.
530 3240 719 3288 mama
749 3226 881 3277 Pau.
916 3226 1093 3279 Ambr.
1124 3226 1237 3293 Mg.
1268 3228 1386 3279 Par.
1419 3228 1564 3294 Epit.
1603 3254 1668 3269 -
1701 3230 1914 3281 demisso
1945 3224 2104 3293 vulto)
2161 3224 2254 3277 Sic
2285 3225 2417 3277 bene

338 3306 733 3370 -Leunclavius,
782 3322 939 3373 quum
982 3311 1189 3361 dimitto
1230 3316 1354 3361 ante
1397 3311 1570 3375 ipsum
1603 3312 1888 3377 legeretur:
1947 3308 2216 3361 confirmat
2247 3321 2419 3359 omen·

354 3388 617 3440 dationem
662 3392 774 3442 eius
816 3391 1077 3457 Epitome.
1113 3417 1176 3431 -·-
1212 3392 1496 3459 Mardum)
1549 3394 1636 3445 Ita
1673 3392 1952 3459 legendum
1995 3407 2114 3443 cum
2145 3391 2230 3443 od.
2267 3389 2416 3442 Gtut.

353 3475 409 3520 et
438 3470 579 3535 Epit.
614 3486 721 3523 non
753 3476 1008 3525 Martiano
1054 3480 1115 3525 ut
1144 3476 1322 3541 vulgo.
1365 3506 1432 3517 --
1481 3490 1538 3527 eo
1573 3481 1668 3527 telo
1699 3480 1916 3528 multum
1942 3470 2256 3541 mantunae)
2327 3472 2417 3525 Sic

351 3565 447 3613 pro
490 3555 633 3618 vulg.
676 3560 839 3606 multa
884 3558 969 3611 ed.
1012 3556 1164 3611 Grut.
1209 3566 1265 3610 et
1304 3559 1450 3623 Epit.
1495 3562 1626 3613 haec
1665 3562 1883 3626 insuper
1923 3576 1982 3611 οε
2023 3563 2118 3611 telo
2165 3558 2416 3617 exhibet3

350 3646 447 3696 pro
494 3644 784 3698 praesumat
836 3640 893 3689 in
946 3639 1128 3694 Ambr.
1182 3643 1378 3711 legitur
1425 3646 1790 3709 praetumebat.
1867 3672 1936 3685 --
1995 3658 2248 3709 -ωικπῑα
2311 3656 2420 3704 Νθ·
