2567 4084
1121 211 1203 276 83

137 401 344 462 tatum
389 398 506 479 est,
550 394 620 460 id
663 398 757 460 est
784 391 1097 479 generalis
1123 390 1408 476 morbuS,
1452 391 1564 459 sed
1607 391 1730 458 hoc
1770 391 1853 457 ab
1888 390 2201 478 imperitis

139 500 203 561 et
228 492 819 577 calumniatoribus,
865 494 973 580 qui
1002 493 1203 559 vitam
1248 491 1454 558 solent
1480 492 1747 558 aliorum
1778 492 1967 558 dente
2000 489 2201 557 male-

137 594 280 661 dico
323 594 628 660 lacerare.
711 592 801 658 Hi
843 612 993 677 ergo
1038 612 1230 675 mox,
1275 595 1349 656 ut
1387 590 1725 678 imperium
1767 589 1985 676 adepti
2028 595 2199 672 sunt,

140 692 370 759 foedus
415 712 561 758 cum
601 697 791 777 gente
835 690 1192 758 Gothorum
1229 691 1557 779 pepigere,
1604 694 1668 757 et
1706 710 1826 757 nec
1865 690 2059 777 longo
2100 690 2204 754 in-

139 792 418 857 tervallo
461 792 751 879 utrisque
792 791 1052 878 regibus
1096 776 1619 857 occumbentibus
1660 789 1991 861 Gallienus
2045 788 2207 891 arri—

134 891 279 977 puit
319 890 770 979 principatum.
849 962 856 969 ,

307 990 468 1056 ΧΧ.
553 991 701 1075 Quo
745 992 813 1057 in
855 992 1033 1058 omni
1070 990 1340 1059 lascivia
1378 989 1661 1055 resoluto
1705 988 1922 1075 Respa
1963 994 2028 1055 et
2067 989 2207 1056 Ve-

150 1090 342 1173 duc0,
387 1090 611 1156 Thuro
639 1091 942 1179 Varoque
986 1092 1181 1158 duces
1215 1088 1573 1154 Gothorum
1614 1087 1885 1175 sumptis
1924 1089 2209 1157 navibus

141 1190 370 1254 Asiam
412 1190 740 1276 transiere,
783 1193 1013 1257 fretum
1057 1188 1607 1275 Hellesponticum
1648 1189 1995 1255 transvecti
2012 1237 2031 1274 ,
2092 1191 2209 1257 ubi

145 1290 367 1355 multis
431 1290 567 1356 eius
623 1289 990 1377 provinciae
1047 1288 1415 1356 civitatibus
1454 1286 1782 1374 populatis
1838 1287 2209 1373 opinatissi-

144 1409 322 1455 mum
365 1388 528 1455 illud
568 1390 808 1477 Ephesi
850 1391 1099 1456 Dianae
1141 1389 1473 1477 templum,
1518 1386 1691 1474 quod
1734 1385 1975 1452 dudum
2020 1386 2209 1456 dixe-

145 1506 364 1554 ramus
406 1490 773 1555 Amazonas
814 1488 1196 1573 condidisse,
1237 1488 1388 1573 igne
1416 1486 1824 1554 succendunt.
1907 1486 2211 1570 Partibus

102 1631 105 1635 -
147 1588 496 1675 Bithyniae
539 1588 734 1655 delati
749 1636 768 1673 ,
827 1587 1301 1655 Chalcedonam
1352 1588 1724 1654 subvertere
1740 1636 1761 1673 ,
1817 1606 2009 1674 quam
2061 1592 2216 1675 post

154 1688 490 1756 Cornelius
523 1688 757 1753 Avitus
799 1687 1014 1774 aliqua
1053 1693 1236 1775 parte
1277 1686 1622 1773 reparavit,
1668 1705 1831 1774 quae
1871 1686 2210 1774 hodieque,

153 1787 450 1876 quamvis
486 1787 700 1872 regiae
739 1786 918 1852 urbis
954 1787 1284 1853 vicinitate
1327 1786 1746 1872 congaudeat,
1792 1786 1976 1871 sigua
1998 1792 2214 1853 tamen

153 2064 314 2110 vitam
349 2056 809 2123 solent—lacerare)
847 2056 1052 2107 Meliori
1085 2057 1132 2107 si
1163 2056 1405 2120 scriptori
1436 2070 1612 2105 curam
1643 2069 1813 2107 meam
1842 2056 2219 2123 impenderem,

151 2145 354 2207 famam
387 2156 727 2206 proponerem
758 2140 1036 2207 legendum
1050 2176 1064 2205 ‚
1109 2145 1168 2190 ut
1199 2139 1423 2191 habetur
1464 2139 1606 2204 apud
1636 2138 1755 2189 Liv.
1790 2140 2089 2205 XXXVIII,
2128 2142 2217 2193 54.

155 2230 254 2276 nisi
285 2232 334 2276 et
363 2228 522 2289 ipsius
549 2226 697 2288 fama
729 2228 910 2288 sepul&
940 2228 1192 2273 laceretur.
1227 2250 1296 2261 —
1327 2226 1541 2286 utrisque
1570 2222 1782 2290 reyn‘bw)
1832 2222 1923 2275 Sic
1943 2224 2077 2274 Pau.
2098 2240 2216 2275 cum

160 2308 275 2361 edd.
313 2324 393 2373 pr.
431 2314 484 2361 et
515 2308 634 2360 Par.
665 2322 867 2358 necnon
900 2307 1027 2357 Exc.
1101 2306 1255 2369 Quod
1297 2306 1457 2371 vulgo
1496 2307 1689 2372 legitur
1732 2312 2005 2372 utriusque,
2052 2312 2224 2359 ortum

158 2393 378 2443 fortasse
412 2406 684 2457 operarum
713 2392 859 2453 vitio,
895 2390 960 2440 ex
993 2388 1074 2440 ed.
1107 2389 1332 2441 Vulcan.
1366 2390 1425 2439 in
1456 2388 1685 2454 reliquas
1718 2395 1797 2439 est
1827 2395 2188 2456 propagatum.

293 2474 423 2539 Cap.
457 2474 574 2525 XX.
643 2471 1044 2536 Quo—resoluto)
1065 2472 1150 2522 Ita
1170 2470 1375 2523 restitui
1397 2484 1462 2522 ex
1484 2470 1601 2521 edd.
1626 2471 1874 2523 Vulcanii
1894 2474 2225 2539 antegressis,

161 2559 250 2623 qui
285 2558 505 2623 primus,
547 2573 648 2623 quo
682 2555 997 2607 commodius
1031 2558 1190 2619 caput
1219 2553 1577 2620 inchoaretur,
1625 2554 2079 2606 demonstrativum
2109 2571 2229 2620 pro-

164 2656 355 2692 nomen
387 2640 607 2691 relativo
641 2640 925 2691 substituit.
961 2664 1027 2676 -
1068 2636 1547 2703 Respa—Varoque)
1580 2637 1776 2705 Magna
1805 2639 1865 2689 in
1896 2639 1979 2689 his
2008 2637 2230 2690 nomini·

161 2724 260 2774 bus
291 2723 533 2773 lectionis
567 2722 914 2813 discrepantia
953 2721 1074 2772 aliis
1113 2721 1268 2771 aliter
1311 2721 1475 2772 verba
1513 2722 1851 2788 iungentibus
1894 2726 1988 2774 aut
2034 2722 2233 2775 disiun-

163 2806 423 2871 gentibus.
493 2806 662 2869 Quam
693 2820 788 2856 nos
822 2805 1173 2870 exhibuimus,
1219 2820 1285 2856 ea
1330 2810 1411 2857 est
1438 2806 1596 2858 lectio
1630 2808 1872 2873 vulgata,
1937 2823 1972 2858 a
2021 2812 2232 2873 quastat

166 2888 316 2942 erut.
354 2904 560 2954 quoque
595 2887 752 2940 editio
765 2924 780 2952 ‚
824 2888 928 2939 nisi
974 2888 1114 2954 quod
1151 2890 1284 2940 Thur
1326 2902 1421 2955 pro
1459 2892 1623 2940 Thuro
1656 2890 1842 2943 habet:
1886 2890 2063 2943 Ambr-
2104 2892 2233 2942 Tur-

165 2986 378 3036 varoque
411 2971 572 3037 sistit,
606 2972 716 3038 Mg.
747 2971 865 3022 Par.
899 2972 1099 3023 variata
1130 2973 1512 3025 constructione
1546 2974 1856 3039 famamque
1886 2976 2117 3039 ducibus,
2150 2976 2230 3027 ita

165 3058 226 3105 ut
263 3057 516 3105 Tae-vanu
555 3053 625 3105 sit
663 3054 1040 3120 nominativus,
1107 3054 1238 3108 Exe.
1270 3057 1436 3120 Respa
1478 3062 1526 3106 et
1574 3059 1795 3109 Veducm
1842 3059 2231 3122 Tam-bamque,

167 3136 312 3203 Epit.
347 3138 529 3202 Respa,
569 3140 761 3189 Veduco
800 3140 1160 3203 nuruumque,
1193 3137 1347 3188 Bonf.
1378 3138 1721 3203 Reeparducue
1751 3146 1801 3191 et
1837 3123 2142 3192 marouwa}
2164 3168 2234 3181 -

161 3222 356 3285 fretum
389 3222 832 3285 Hellesponticum)
876 3222 1018 3273 Cave
1061 3225 1230 3273 mutes
1269 3220 1329 3271 in
1371 3223 1847 3288 Heueapontiacum,
1902 3221 2041 3289 quod
2083 3222 2231 3287 Epit.

167 3304 331 3357 sistit:
369 3303 446 3355 sic
476 3306 891 3370 Hellesponticum
919 3306 1106 3369 fretum
1148 3304 1292 3355 Mela
1322 3304 1369 3371 1,
1404 3306 1455 3371 2,
1489 3308 1540 3356 2.
1596 3308 1835 3371 Satn-apia
1865 3307 2233 3370 Hellespontia

60 3422 63 3457 :
166 3386 273 3441 Iul.
303 3386 547 3439 valerius
579 3388 678 3454 m,
715 3390 796 3439 94.
835 3417 904 3429 -
951 3386 1379 3453 uss-fomlam)
1426 3389 1605 3443 Ambr.
1639 3391 1726 3441 uba·
1756 3392 1945 3441 munao
1977 3393 2081 3440 am
2111 3388 2234 3439 Pro-

167 3476 370 3525 vinciae
392 3476 616 3524 civitate-5
632 3478 888 3540 populati.
907 3500 970 3514 -
988 3476 1116 3539 quod
1136 3471 1685 3541 ‹induem-condidisse)
1703 3473 1853 3525 Haec
1873 3471 2237 3537 complectitur
2302 3540 2309 3547 .

170 3556 348 3609 Ambr.
385 3556 589 3609 duobus
619 3559 702 3610 his
735 3560 907 3612 verbis
941 3574 1064 3624 opus
1095 3559 1427 3611 Amazonum.
1460 3588 1527 3599 —
1565 3556 1944 3623 Chalcedonam)
1979 3555 2069 3609 Sic
2098 3555 2239 3609 Pau.

66 3676 68 3694 2
173 3652 292 3693 cum
323 3639 470 3706 Epit.
504 3642 610 3693 nisi
641 3636 779 3707 quod
818 3643 876 3693 in
907 3643 1010 3695 hac
1046 3642 1090 3692 G
1121 3643 1277 3696 litera
1306 3658 1413 3695 non
1445 3646 1523 3696 est
1554 3642 1811 3707 aspirata3
1855 3642 1994 3709 vulg.
2030 3642 2240 3693 Chalce—

68 3712 72 3803 }
173 3724 400 3783 domam.
422 3749 491 3763 -
523 3723 734 3792 Avitta),
750 3725 892 3792 Epit.
926 3727 992 3777 ab
1021 3731 1154 3791 emis,
1187 3725 1321 3783 Rod.
1345 3726 1556 3778 habim.
1577 3751 1646 3764 -
1676 3726 1951 3842 vicinitate)
1984 3723 2073 3780 Sic
2093 3724 2233 3778 Pan.

70 3814 74 3849 ε
1762 3811 1795 3861 e
