2567 4084
1199 166 1282 231 63

203 340 426 429 eisque
468 349 761 429 praeerat
799 345 1194 431 Ostrogotha
1217 386 1299 397 -—
1314 348 1649 435 incertum,
1693 352 1907 417 utrum
1948 352 2032 419 ab
2073 353 2278 440 ipsius

198 441 494 527 nomine,
552 462 635 508 an
676 463 716 509 a
755 443 901 511 loco
944 446 1012 513 id
1057 451 1154 512 est
1196 447 1489 514 orientali
1534 490 1613 500 -
1658 450 1812 516 dicti
1856 456 2005 517 sunt
2048 452 2279 520 Ostro-

197 540 435 625 gothae
453 590 471 626 ,
529 542 770 609 residui
821 564 977 610 vero
1032 546 1443 631 vesegothae
1484 549 1554 613 in
1594 553 1777 635 parte
1820 549 2108 617 occidua.
2192 552 2277 617 Et

199 639 459 727 quidem
499 640 628 707 iam
671 640 984 728 diximus„
1044 665 1156 712 eos
1211 647 1480 714 transito
1526 647 1833 715 Danubio
1876 649 2275 737 aliquantum

197 740 510 826 temporis
554 742 728 827 apud
770 742 1082 811 Moesiam
1126 745 1597 835 Thraciamque
1639 746 1901 815 vixisse.

357 838 510 905 XV.
597 841 700 907 Ex
729 862 949 910 eorum
977 844 1262 932 reliquiis
1299 846 1419 911 fuit
1460 852 1524 911 et
1552 846 1962 932 Maximinus,
1991 848 2272 935 impera-

191 941 294 1003 tor
349 944 500 1025 post
542 939 986 1009 Alexandrum
1027 944 1423 1013 Mammaeae
1441 996 1460 1031 ,
1516 951 1589 1011 ut
1644 946 1802 1012 dicit
1846 946 2271 1033 Symmachus

189 1170 276 1224 Sic
301 1174 479 1225 Ambr.
507 1177 704 1239 quando
727 1176 905 1244 vulgo.
922 1206 990 1217 —
1023 1176 1282 1245 Ablavium)
1317 1177 1419 1228 Ed.
1458 1176 1605 1231 Grut.
1636 1180 1893 1233 Ablabius.
1910 1207 1981 1220 —
2011 1184 2269 1244 incertum,

187 1262 356 1307 utrum
393 1258 460 1305 ab
494 1262 652 1321 ipsius
673 1264 876 1310 nomine
899 1276 971 1311 an
991 1275 1026 1310 a
1047 1265 1151 1311 loco
1175 1258 1427 1327 orientali)
1460 1260 1579 1311 Vox
1611 1266 1854 1311 incertum
1888 1263 2037 1313 abest
2069 1279 2103 1312 a
2136 1264 2268 1315 Pall.

185 1344 242 1389 et
272 1339 392 1389 edd.
427 1342 815 1406 antiquissimis.
861 1344 1090 1395 Primum
1113 1349 1375 1409 comparet
1398 1360 1463 1395 ea
1482 1345 1538 1394 in
1562 1344 1645 1395 ed.
1658 1344 1922 1409 Vulcanii,
1958 1345 2051 1409 qui
2084 1360 2200 1395 eam
2234 1361 2265 1397 e

184 1420 292 1487 Mg.
327 1422 614 1475 Leunclav.
647 1430 743 1477 aut
781 1426 948 1479 Paris.
979 1428 1038 1477 in
1083 1432 1284 1479 textum
1330 1430 1540 1494 recepit.
1610 1428 1683 1479 Et
1726 1427 1909 1479 abesse
1956 1428 2175 1493 poterit,
2220 1430 2271 1481 si

185 1502 570 1571 distinguamus
603 1522 720 1559 cum
756 1508 997 1574 Grutero,
1037 1514 1190 1573 sieque
1217 1516 1450 1575 praeerat
1486 1512 1781 1575 Ostroyoiha
1810 1517 1981 1561 uirum
2014 1511 2077 1559 ab
2110 1514 2267 1575 ipsius

181 1591 416 1638 nomine?
447 1604 518 1641 an
550 1606 584 1639 a
618 1595 722 1643 loco
752 1594 809 1643 id
841 1599 911 1643 est
943 1596 1212 1645 orientali?
1236 1623 1297 1633 -—
1323 1607 1358 1642 a
1390 1597 1493 1643 loco
1524 1595 1581 1643 id
1614 1599 1685 1643 est
1707 1597 1963 1659 orientali,
1996 1594 2255 1643 dictitant

184 1670 529 1739 Osiroyoihae)
576 1672 664 1725 Sio
695 1676 828 1727 Pau.
865 1676 958 1727 sed
996 1676 1156 1741 paulo
1188 1676 1343 1727 aliter
1375 1676 1550 1727 Ambr-
1587 1679 1843 1727 orienialea
1878 1678 1999 1726 dicti
2029 1681 2165 1741 sunt,
2198 1678 2255 1726 id

178 1757 252 1803 eet
287 1755 624 1820 Ostroqothae.
643 1786 712 1799 -
744 1762 802 1809 in
817 1766 965 1825 parte
988 1762 1210 1813 occidua.
1260 1762 1327 1810 Et
1353 1760 1547 1823 quidem
1579 1763 1687 1809 iam
1708 1760 1923 1810 diximus
1947 1759 2072 1823 cet.)
2105 1758 2257 1810 Haec

175 1835 332 1888 lectio
368 1853 403 1888 a
433 1840 692 1891 Vulcanio
725 1843 960 1907 profecta
993 1848 1071 1893 est
1085 1880 1099 1908 ,
1149 1858 1310 1908 quum
1344 1842 1461 1893 edd,
1496 1842 1819 1907 antiquiores
1852 1856 2031 1893 omnes
2070 1846 2119 1891 et
2148 1845 2254 1906 qid-

175 1920 288 1969 dem
323 1926 454 1972 sicut
485 1926 593 1973 iam
628 1926 842 1975 dia-imm
875 1930 1278 1990 repraesentent.
1352 1924 1604 1975 Gruterus
1638 1929 1842 1989 autem,
1889 1925 2145 1976 incertum
2158 1962 2172 1990 ,
2223 1939 2256 1975 ο

172 2000 306 2053 Pall.
341 2019 413 2054 an
448 2004 514 2057 de
547 2022 641 2057 suo
656 2043 670 2072 ,
714 2008 845 2073 legit
875 2008 964 2059 hic
994 2013 1047 2059 et
1079 2008 1323 2059 inchoato
1356 2022 1492 2059 novo
1527 2008 1699 2074 capite
1734 2007 2008 2074 distinguit
2046 2009 2150 2068 ita,
2196 2011 2253 2085 in

168 2092 317 2150 parte
352 2091 572 2140 occidua.
637 2092 705 2141 Et
735 2094 852 2155 quia
883 2094 990 2141 iam
1021 2095 1246 2155 super-im
1279 2092 1509 2153 diamur,
1546 2104 1626 2141 eos
1647 2116 1716 2128 -
1749 2094 1955 2154 vixi-9³03
1993 2108 2051 2142 ex
2082 2104 2253 2142 eorum

171 2172 393 2233 reliquiia
427 2176 526 2222 cet.
576 2172 747 2235 Quam
768 2173 1044 2225 lectionem
1063 2189 1164 2240 quo
1187 2176 1359 2226 minus
1380 2176 1681 2239 amplectar,
1717 2174 1905 2238 obstat,
1940 2174 2081 2240 quod
2110 2174 2253 2227 unde

171 2255 435 2318 acceperit
468 2270 583 2305 eam
608 2255 874 2321 Gruterus,
907 2258 966 2307 in
987 2258 1232 2324 ambiguo
1267 2263 1365 2309 est.
1433 2258 1661 2309 Retenta
1682 2259 1844 2323 igitur
1867 2273 2003 2322 quae
2022 2258 2080 2308 in
2102 2258 2253 2310 libris

171 2340 224 2387 et
259 2336 378 2387 edd.
428 2340 665 2391 omnibus
711 2340 906 2405 legitur
947 2340 1205 2404 particula
1248 2344 1405 2403 sicut,
1450 2342 1527 2391 ita
1569 2342 1786 2407 legerim
1828 2341 2252 2407 distinxerimque

168 2418 343 2471 locum
374 2425 433 2470 in
459 2428 606 2485 parte
638 2424 858 2473 occidua.
926 2424 994 2473 Et
1025 2425 1234 2487 quidem,
1268 2428 1377 2473 iam
1410 2427 1538 2474 sieut
1570 2425 1798 2487 divimus,
1835 2439 1915 2475 eos
1946 2454 2013 2465 —-
2046 2430 2250 2487 vixisse,-

169 2518 223 2553 σε
267 2518 443 2554 eorum
482 2508 700 2568 reliquiis
741 2510 840 2557 cet.
889 2536 952 2545 —
999 2508 1138 2569 apud
1170 2507 1415 2557 Moesiam
1455 2504 1826 2572 Tru-aciamque)
1872 2506 1977 2581 ΜΒ.
2025 2507 2147 2562 Par.
2190 2512 2251 2557 in

166 2590 360 2639 Moesia
408 2590 734 2653 Thraciaque,
786 2603 921 2654 quae
966 2590 1124 2639 lectio
1170 2590 1445 2640 temeraria
1498 2590 1665 2655 magis
1719 2590 1925 2639 videtur
1980 2590 2245 2654 correctio,

168 2678 328 2737 quam‘
362 2674 531 2723 nostri
561 2687 774 2723 manus:
809 2674 947 2735 apud
981 2673 1119 2723 enim
1139 2673 1457 2737 praepositio
1490 2687 1584 2736 pro
1616 2674 1675 2722 in
1709 2687 1826 2722 cum
1848 2672 2057 2722 urbium
2078 2672 2245 2737 regio-

164 2770 398 2821 numque
430 2756 728 2807 nominibus
749 2756 930 2806 iuncta
949 2760 1064 2806 tum
1095 2756 1230 2806 alias
1263 2770 1420 2820 saepe
1451 2756 1662 2821 legitur,
1696 2760 1809 2805 tum
1842 2743 1981 2819 apud
2014 2758 2248 2805 nostrum

164 2843 225 2889 ut
257 2852 422 2903 supra
454 2854 498 2888 c.
539 2840 620 2888 10.
656 2838 794 2888 infra
829 2854 870 2887 e.
907 2839 991 2888 45.
1027 2838 1090 2889 B.
1126 2838 1183 2892 S.
1220 2854 1338 2904 epp.
1366 2840 1445 2889 71.
1472 2839 1551 2890 ⁷3.
1589 2840 1671 2889 96.
1706 2837 2037 2889 retinendum
2068 2837 2247 2903 itaque

168 2924 324 2986 apud,
363 2920 502 2986 quod
531 2922 833 2987 praeferunt
860 2927 914 2971 et
937 2920 1058 2972 libri
1081 2922 1262 2987 scripti
1284 2926 1339 2973 et
1362 2921 1477 2973 edd.
1514 2948 1577 2959 -
1612 2919 1815 2987 vixisse)
1848 2919 1939 2971 Sic
1967 2921 2104 2971 bene
2136 2920 2243 2987 ΜΒ.

161 3004 280 3055 Par.
314 3004 516 3069 recepit
539 3004 844 3069 Vulcanius,
881 3018 1038 3069 quum
1069 3006 1127 3054 in
1160 3004 1276 3056 edd.
1312 3006 1692 3070 antiquioribus
1725 3006 1917 3055 duxisse
1945 3003 2240 3057 haberetur.

299 3088 433 3153 Cap.
465 3088 584 3139 XV.
652 3090 976 3151 Maximinus,
999 3092 1272 3152 imperator
1294 3094 1408 3152 poet
1430 3088 1788 3155 Alexandrum)
1813 3086 1901 3139 Sic
1924 3087 2242 3151 distinguen-

161 3172 303 3238 dum,
337 3187 465 3237 non,
497 3176 560 3223 ut
590 3172 768 3239 vulgo,
801 3174 1108 3221 Maximinus
1140 3174 1429 3236 imperator,
1460 3177 1577 3236 post
1608 3173 1962 3222 Alexandrum.
1990 3196 2051 3207 --
2076 3170 2241 3217 Mam-

159 3254 356 3323 maeae)
381 3254 477 3305 ‘Ita
508 3256 594 3306 vel
625 3256 801 3321 potius
825 3258 1109 3305 Mammeae
1141 3253 1284 3305 dedit
1306 3254 1596 3307 Vulcanius
1630 3270 1659 3307 e
1692 3256 1799 3323 Mg.
1816 3254 2111 3308 Leunclav.
2146 3254 2241 3303 ubi

157 3339 356 3406 legitur
387 3341 706 3389 Mammaeae
736 3342 841 3389 scil.
874 3343 1038 3404 filium
1070 3339 1246 3390 Ambr-
1281 3340 1538 3389 Mammea
1570 3339 1735 3404 sistit,
1778 3338 1886 3403 Mg.
1923 3336 2041 3387 Par.
2076 3338 2242 3387 Marn-

157 3438 274 3474 mae
302 3426 474 3487 filium
497 3422 647 3487 quod
676 3422 934 3487 posterius
966 3422 1105 3472 haud
1139 3422 1247 3473 scio
1281 3437 1351 3472 an
1389 3437 1420 3473 e
1452 3422 1558 3488 Mg.
1581 3422 1871 3475 LeunelaV.
1909 3418 1989 3469 ed.
2014 3434 2094 3484 pr.
2130 3421 2241 3469 Ma-

155 3522 341 3571 meam,
381 3521 488 3571 qua
506 3507 731 3557 lectione
757 3505 934 3556 induci
955 3506 1172 3556 fortasse
1202 3505 1320 3569 quis
1339 3506 1507 3570 possit
1538 3510 1599 3556 ut
1618 3508 1875 3571 proponat
1896 3505 2240 3553 Mammaeum

153 3590 458 3657 legendum,
483 3589 738 3656 quomodo
765 3589 1118 3657 cognominari
1141 3588 1400 3641 interdum
1422 3604 1455 3640 a
1476 3588 1683 3639 Latinis
1702 3589 2068 3652 imperatorem
2087 3586 2240 3637 illum

155 3680 378 3727 annotat
421 3674 765 3727 casaubonus
807 3674 876 3726 ad
915 3674 1182 3741 Lamprid.
1225 3674 1373 3726 Alex.
1409 3672 1530 3728 Ser.
1578 3686 1623 3722 o.
1660 3671 1711 3723 3.
1746 3696 1805 3709 -—
1855 3675 1914 3721 ut
1942 3666 2089 3736 dicit)
2120 3670 2232 3736 ΜΒ.
