2567 4084
1238 74 1416 194 ν’18

513 310 764 377 XVIII.
848 310 1008 375 Post
1049 310 1230 377 cilius
1271 310 1609 378 decessum
1654 312 1861 381 Oniva
1900 312 2251 397 exereitum
2304 310 2417 377 di-

349 410 576 477 videns
617 411 684 477 in
723 410 882 475 duas
908 414 1146 495 partes,
1187 412 1533 479 nonnullos
1574 413 1660 478 ad
1686 412 2069 479 vastandam
2095 412 2413 478 Moesiam

349 510 584 595 dirigit,
630 510 838 576 sciens
868 529 1008 575 eam
1035 509 1507 595 negligentibus
1536 511 1935 599 principibus
1966 511 2415 578 defensoribus

269 638 277 646 ·
351 609 750 691 destitutam3
793 608 934 695 ipse
975 628 1130 673 vero
1173 628 1322 677 cum
1350 612 1757 697 septuaginta
1797 612 2083 679 millibus
2126 612 2211 676 ad
2241 612 2415 677 Eus-

347 710 578 775 tesium
594 759 611 794 ,
667 709 738 775 id
781 714 877 774 est
918 708 1170 793 Novas,
1229 710 1617 797 conscendit.
1702 710 1889 777 Unde
1932 732 1971 776 a
2014 711 2199 777 Gallo
2248 710 2417 777 duce

483 979 610 1043 Cap.
646 979 841 1029 XVIII.
917 979 1093 1045 Οηίυα)
1137 980 1289 1030 Libri
1321 978 1499 1043 scripti
1539 980 1640 1029 hoc
1678 978 1737 1027 in
1768 978 1979 1027 nomine
2012 978 2305 1029 consentire
2339 977 2420 1028 vi-

347 1060 548 1125 dentur,
592 1077 793 1111 necnon
828 1062 944 1118 edd.
979 1063 1072 1114 sed
1105 1064 1257 1113 aliter
1289 1064 1587 1128 praeferunt
1620 1062 1710 1127 qui
1744 1059 2123 1124 exscripserunt
2155 1065 2417 1112 nostrum:

346 1158 469 1193 nam
501 1144 628 1197 Exc.
670 1146 832 1193 Oniba
868 1147 1143 1209 exhibent,
1190 1146 1321 1196 Rod.
1363 1149 1553 1207 Gniva,
1601 1144 1743 1210 Epit.
1791 1150 1843 1195 et
1875 1143 2025 1194 Bonf.
2061 1145 2304 1197 Euchn’na.
2350 1172 2418 1185 —·-

347 1228 416 1275 ad
446 1229 746 1277 vastandum
778 1228 1035 1295 Moesiam)
1069 1228 1171 1282 Ed.
1212 1229 1386 1279 Garet.
1424 1230 1493 1277 ad
1518 1230 1816 1278 vastandam
1838 1228 2095 1277 Moesiam.
2122 1254 2182 1263 —-
2216 1232 2419 1290 septua-

345 1307 508 1375 fima)
543 1310 650 1374 Mg.
687 1310 808 1363 Par.
843 1310 1056 1365 LXXX.
1089 1338 1158 1349 -
1190 1310 1433 1378 minibus)
1469 1311 1625 1361 Hanc
1656 1309 1964 1359 Leunclavii
1998 1310 2419 1361 emendationem

347 1391 634 1443 Vulcanius
664 1394 722 1443 in
754 1399 956 1444 textum
987 1396 1220 1459 admisit,
1264 1395 1525 1461 prioribus
1559 1392 1672 1443 edd.
1708 1393 1950 1443 militibus
1982 1394 2419 1457 praeferentibus,

346 1481 406 1525 ut
439 1477 614 1541 inepte
647 1478 774 1527 satis
788 1514 801 1540 ,
851 1478 925 1528 ita
957 1478 1218 1543 frequenti
1249 1480 1518 1543 utriusque
1550 1477 1693 1527 vocis
1724 1476 2133 1541 permutatione,
2172 1482 2232 1525 ut
2264 1476 2423 1527 docet

344 1558 799 1611 Drakenborchius
834 1560 900 1609 ad
933 1560 1051 1610 Liv.
1077 1560 1269 1625 XXXI,
1297 1563 1379 1624 41,
1410 1563 1496 1611 10.
1535 1588 1601 1597 -
1634 1561 1703 1608 ad
1735 1561 2012 1609 Enete-vium
2046 1560 2101 1608 id
2136 1565 2206 1609 est
2229 1558 2416 1626 Novas)

245 1644 252 1647 “
349 1641 479 1690 Pau.
516 1644 815 1705 Euecesium,
850 1643 1026 1692 Ambr.
1061 1645 1357 1707 Eone-sium,
1392 1643 1535 1708 Epit.
1570 1645 1914 1704 Evaestesum,
1947 1642 2099 1691 Bonf.
2134 1644 2417 1703 Enete-vum,

349 1740 476 1790 quas
507 1726 758 1776 lectiones
792 1742 968 1777 omnes
1003 1742 1116 1777 esse
1149 1732 1430 1791 corruptas,
1464 1727 1554 1777 vix
1587 1724 1945 1787 dubitandum,
1982 1740 2293 1791 quamquam
2326 1724 2422 1789 q'ui

353 1825 527 1860 veram
561 1814 731 1874 eruat,
779 1810 868 1859 vix
903 1810 1018 1859 erit.
1088 1810 1336 1861 Tentavit
1368 1811 1541 1860 locum
1570 1812 1677 1860 iam
1712 1809 1982 1860 Cluverius
2018 1808 2081 1859 G.
2117 1809 2177 1859 A.
2212 1810 2278 1859 L.
2314 1808 2416 1874 111,

355 1906 400 1944 c.
433 1894 517 1943 43.
554 1908 608 1957 p,
633 1896 747 1944 677.
785 1895 1090 1943 Nmtesium
1123 1908 1218 1957 pro
1249 1896 1532 1943 Enete-sium
1564 1906 1857 1957 proponens
1889 1891 2183 1957 legendum,
2218 1891 2420 1956 addito,

349 1992 503 2041 quam
547 1978 728 2027 urbem
774 1978 938 2027 Novas
983 1977 1230 2039 Romani,
1278 1992 1395 2026 eam
1428 1978 1658 2025 Neu-itaet
1701 1974 2047 2039 appellavisse
2082 1974 2279 2025 Gothos
2323 1976 2423 2025 has

351 2075 466 2110 oras
500 2066 626 2110 tunc
659 2059 973 2111 obsidentes.
1021 2060 1212 2111 Contra
1245 2060 1625 2126 Wesselingius
1663 2056 1729 2105 ad
1763 2057 1953 2106 Anton.
1989 2057 2167 2107 Itiner.
2203 2072 2255 2121 p.
2292 2058 2419 2109 218.

347 2143 636 2207 improbata
671 2142 901 2193 Cluverii
934 2142 1245 2207 coniectura,
1289 2144 1617 2193 Ambrosiani
1650 2143 1883 2207 vestigiis
1916 2142 2161 2193 insistens
2192 2140 2423 2193 fueritne

351 2225 473 2275 olim
529 2226 596 2278 ad
643 2226 876 2287 Oescum,
947 2225 1073 2274 Uton
1116 2231 1163 2274 et
1209 2229 1373 2277 Novas
1426 2226 1854 2278 considerandum
1908 2226 2059 2275 offert
2116 2225 2423 2276 lectoribus.

353 2308 558 2357 Oescum
589 2306 796 2373 quidem
830 2309 938 2357 sive
959 2309 1174 2357 Emeum
1209 2306 1275 2372 (v.
1302 2310 1457 2377 infra)
1492 2317 1546 2361 et
1572 2312 1687 2375 ipse
1720 2310 1777 2359 in
1810 2310 1972 2373 priori
1991 2309 2203 2359 nomine
2238 2308 2423 2372 depre-

346 2390 590 2440 hendisse
620 2391 748 2440 mihi
772 2407 882 2441 sum
914 2391 1080 2453 visus3
1120 2392 1185 2443 de
1214 2392 1307 2443 Uto
1331 2398 1503 2443 tamen
1525 2397 1621 2457 est,
1657 2393 1797 2457 quod
1820 2392 2067 2457 dubitem,
2104 2407 2421 2457 quamquam

347 2472 404 2522 id
437 2474 682 2537 oppidum
715 2475 781 2523 ab
820 2475 984 2525 Oesco
1018 2490 1124 2524 non
1157 2475 1379 2524 multum
1412 2475 1669 2540 abfuisse,
1718 2491 1822 2525 non
1866 2490 1980 2526 sum
2021 2476 2245 2525 nescius.
2318 2474 2428 2525 vix

347 2557 487 2605 enim
518 2556 688 2621 video,
706 2557 814 2622 ·qui
845 2558 1103 2607 vocabula
1129 2560 1336 2608 Oescum
1368 2564 1421 2609 et
1450 2560 1579 2608 Uton
1609 2560 1667 2611 in
1687 2562 1967 2611 Eoscesium
2000 2561 2268 2623 potuerint
2302 2574 2427 2609 coa-

345 2640 565 2691 lescere:
600 2640 854 2691 coaluisse
886 2647 1060 2693 tamen
1092 2643 1150 2691 in
1185 2659 1343 2693 unam
1376 2644 1507 2693 dues
1541 2659 1712 2707 voces,
1748 2644 1874 2695 satis
1905 2642 2075 2693 video.
2148 2641 2286 2707 Quid
2318 2642 2423 2706 igi-

347 2726 458 2786 tur,
507 2724 554 2773 si
585 2724 729 2789 legas
763 2726 832 2773 ad
861 2727 1077 2775 Emeum
1113 2724 1243 2790 (sive
1278 2724 1547 2793 Oescum),
1594 2726 1811 2775 Siostam
1852 2731 1897 2774 et
1935 2727 2137 2775 Novae?
2204 2727 2427 2775 Emeum

350 2809 404 2855 et
423 2806 658 2871 Siostam,
696 2822 853 2870 quum
886 2808 1069 2857 literae
1103 2808 1377 2873 utriusque
1398 2811 1643 2861 vocabuli
1674 2826 1781 2861 non
1812 2810 1969 2875 plane
2004 2810 2109 2859 sint
2136 2810 2423 2874 absimiles,

348 2888 405 2937 in
437 2903 598 2939 unum
631 2890 786 2939 facile
817 2891 1050 2955 potuisse
1085 2892 1333 2942 confundi
1375 2894 1461 2943 vel
1502 2895 1723 2944 alterum
1764 2894 1831 2943 ab
1878 2893 2043 2942 altero
2078 2897 2281 2942 tantum
2315 2906 2428 2941 non

349 2972 632 3035 absorberi,
667 2989 819 3024 nemo
852 2990 959 3025 non
991 2974 1150 3023 videt.
1223 2975 1339 3027 Sita
1372 2983 1547 3027 eutem
1577 2976 1678 3027 fuit
1710 2977 1878 3025 Siosta
1915 2990 2021 3025 non
2054 2975 2226 3025 minus
2263 2990 2427 3039 quam

355 3057 534 3107 Oescus
565 3057 620 3105 in
655 3058 854 3107 Moesia
885 3058 1120 3129 inferiori
1161 3060 1248 3109 vel
1292 3061 1349 3109 in
1380 3061 1475 3110 illa
1510 3060 1621 3111 eius
1653 3058 1829 3123 potius
1862 3062 2037 3123 parte,
2085 3072 2221 3123 quae
2254 3058 2427 3107 Dacia

347 3144 556 3203 ripensis
588 3142 976 3205 appellabatur,
1011 3146 1072 3191 ut
1104 3149 1325 3207 apparet
1356 3156 1385 3191 e
1418 3143 1466 3192 N
1469 3142 1618 3191 ot1t1a
1651 3142 1840 3205 Imper.
1880 3140 2080 3193 Orient.
2116 3156 2163 3195 c.
2198 3140 2283 3191 39.
2351 3139 2429 3189 At

349 3223 673 3275 Reichardus
716 3224 800 3274 in.
846 3224 1057 3277 Samml.
1106 3226 1172 3275 kl.
1208 3226 1453 3287 Schnften
1492 3240 1583 3275 am
1630 3226 1740 3273 dem
1777 3224 1967 3274 Gebiete
2008 3226 2094 3273 der
2126 3226 2425 3273 mathemat.

348 3324 400 3358 u.
436 3312 526 3359 act.
566 3308 837 3369 Geoyraph.
872 3322 926 3372 p.
963 3310 1044 3357 ⁷3.
1094 3322 1304 3358 securus
1338 3308 1537 3358 scilicet
1570 3306 1634 3357 de
1668 3308 1921 3370 scriptura
1952 3308 2260 3366 Enete-rium,
2309 3306 2428 3366 „die

348 3392 486 3454 Laye
515 3407 612 3440 von
644 3390 711 3439 ad
743 3390 918 3440 Novas
948 3415 1017 3427 —-
1049 3390 1220 3455 inquit
1252 3418 1321 3429 --
1361 3394 1489 3453 παρτ
1522 3399 1625 3438 'um
1658 3390 1935 3439 Jomandes
1966 3392 2025 3438 in
2056 3391 2216 3437 ihu-em
2246 3403 2425 3450 umge-

351 3476 604 3525 tamchten
625 3475 816 3523 Namen
836 3472 1150 3537 Eustesium‚
1187 3474 1299 3522 dem
1332 3476 1555 3535 heutiyen
1588 3471 1791 3536 Sistow,
1826 3472 1931 3521 und
1965 3472 2079 3519 dass
2103 3471 2245 3520 Jom.
2280 3472 2429 3521 keine

357 3559 670 3607 Unwahrheit
700 3570 832 3620 sape,
868 3556 1026 3619 dafiir
1058 3556 1200 3618 hamt
1231 3571 1326 3605 um
1360 3556 1452 3605 das
1482 3557 1591 3605 sehr
1621 3569 1807 3618 ymue
1838 3555 1985 3603 Mane
2019 3555 2106 3603 der
2124 3555 2429 3604 Itineran‘en

349 3654 448 3687 von
468 3629 854 3691 Transmarisca
886 3636 953 3727 (ξ.
976 3637 1280 3704 Totorkan),
1318 3639 1404 3688 der
1439 3640 1696 3701 Mitnduny
1728 3638 1811 3687 des
1829 3637 2080 3689 Metiscus
2104 3632 2429 3703 (Ardsjisch)
