2567 4084
1323 150 1407 215 32

335 345 530 412 supra
581 347 755 395 mare
811 329 1150 397 Ponticum
1209 330 1337 395 iam
1388 330 1794 399 humaniores
1846 338 1943 417 et,
2000 338 2073 400 ut
2113 334 2401 421 superius

337 423 636 511 diximuS,
678 429 1122 514 prudentiores
1166 429 1407 513 effecti,
1455 429 1643 497 divisi
1684 452 1802 519 per
1842 432 2113 498 familias
2152 432 2399 519 populi,

333 523 740 610 Vesegothae
794 528 1069 595 familiae
1111 528 1485 595 Balthorum
1505 578 1522 613 ,
1584 530 2013 615 ostrogothae
2062 531 2401 617 praeclaris

331 623 580 691 Amalis
623 628 1002 694 serviebant.
1082 628 1370 715 Quorum
1414 630 1695 695 studium
1751 631 1872 695 fuit
1923 631 2199 717 primum
2241 631 2401 696 inter

333 722 490 789 alias
533 731 755 808 gentes
797 727 1042 795 vicinas
1095 748 1280 795 arcus
1328 729 1655 795 intendere
1689 728 1927 813 nerviS,
1970 731 2231 797 Lucano
2260 730 2402 817 plus

337 821 641 891 historico
687 846 880 913 quam
920 834 1113 915 poeta
1155 833 1470 895 testante:

601 928 1036 1009 Armeniosque
1077 949 1152 991 ar
1156 950 1268 993 cus
1316 932 1545 993 Geticis
1588 932 1874 993 intendite
1914 934 2140 996 nervis,

502 1025 674 1089 Ante
718 1045 878 1111 quos
923 1027 1112 1093 etiam
1155 1036 1347 1094 cantu
1394 1029 1705 1094 maiorum
1746 1028 1913 1094 faeta
1948 1028 2409 1117 modulationi-

339 1120 458 1187 bus
515 1123 898 1211 citharisque
955 1128 1303 1212 canebant,
1346 1128 1798 1214 Eterpamara,
1844 1129 2141 1210 Amalae,
2187 1128 2403 1193 Fridi-

333 1223 535 1306 gerni,
569 1223 929 1311 Vidigoiae‚
961 1234 1024 1291 et
1059 1228 1348 1343 aliorum,
1389 1248 1659 1315 quorum
1688 1227 1754 1292 in
1790 1227 1911 1292 hac
1944 1232 2135 1311 gente
2173 1248 2405 1313 magna

335 1322 552 1406 opinio
617 1330 746 1406 est,
813 1327 1031 1411 quales
1096 1328 1208 1391 vix
1272 1329 1502 1394 heroas
1576 1328 1770 1394 fuisse
1842 1327 2132 1393 miranda
2210 1328 2405 1393 iactat

329 1422 695 1545 antiquitas.
767 1425 970 1508 Tune,
1014 1431 1086 1491 ut
1128 1427 1345 1545 fertur,
1392 1427 1657 1493 Vesosis
1702 1425 1961 1509 Scythis
2002 1426 2397 1493 lacrimabile

466 1577 615 1625 divisi
645 1602 714 1613 —
735 1580 940 1640 populi)
952 1541 1116 1627 Exe.
1147 1579 1320 1627 divisis
1335 1605 1404 1615 —
1414 1542 1633 1641 populis.
1681 1606 1743 1617 -
1794 1544 2103 1644 Veaeqothae)
2138 1580 2246 1644 Mg.
2287 1579 2403 1628 Par.

336 1662 654 1711 Veseehotiae.
689 1686 758 1697 —
794 1662 1009 1708 inter—
1030 1660 1246 1725 vicinas)
1277 1660 1551 1725 Freculph.
1588 1664 1715 1711 inter
1748 1665 1936 1711 vicinas
1970 1668 2132 1724 gentes
2156 1665 2405 1725 aliaeque,-

332 1744 404 1805 ab,
441 1744 570 1794 Exe.
617 1746 745 1791 azias
791 1743 957 1795 abest.
999 1770 1066 1781 -—
1102 1742 1365 1805 intendite)
1410 1743 1671 1794 Revoeavi
1721 1744 1855 1793 hane
1897 1745 2173 1794 lectionem
2218 1759 2286 1795 ex
2325 1744 2404 1795 ed.

329 1842 409 1891 pr.
449 1826 646 1875 habent
678 1840 794 1875 eam
820 1826 994 1878 Ambr.
1031 1839 1251 1891 quoque,
1288 1825 1563 1890 F'reeulph.
1597 1826 1727 1877 Rod.
1768 1827 1897 1876 Exe.
1941 1843 2111 1892 neque
2146 1828 2301 1878 aliter
2334 1828 2406 1877 le-

329 1912 471 1976 gitur
503 1910 644 1975 apud
673 1910 843 1973 ipsum
876 1909 1151 1959 Lucanum
1185 1910 1333 1974 VIII,
1369 1913 1453 1962 21.
1498 1910 1682 1961 Lectio
1722 1910 1867 1975 vulg.
1903 1912 2149 1960 intendere
2180 1910 2406 1975 primum

327 1996 387 2046 in
424 1994 504 2045 ed.
536 1993 755 2043 Leunel.
791 1992 987 2041 visitur.
1036 2020 1104 2031 -
1148 1994 1279 2043 Ante
1318 2006 1435 2057 quos
1461 2024 1518 2033 -
1547 1990 1721 2058 cantu)
1762 1991 1851 2043 Sio
1891 1992 2003 2043 edd.
2042 1998 2095 2043 et
2126 2008 2264 2043 unus
2292 1994 2403 2043 Pal.

329 2078 423 2129 sed
457 2078 590 2127 alter
622 2081 813 2128 canate.
879 2074 1094 2123 Interim
1134 2077 1401 2141 vulgatam
1432 2076 1758 2127 retinendam
1796 2074 1937 2139 duxi,
1976 2089 2288 2140 quamquam
2321 2076 2407 2126 de-

327 2165 574 2227 pravatus
609 2158 739 2207 mihi
775 2157 982 2208 videtur
1017 2158 1180 2209 loeus.
1252 2157 1394 2219 Quid
1416 2158 1554 2207 enim
1568 2151 1577 2161 ⁴
1593 2164 1686 2220 est,
1727 2157 1795 2208 ad
1834 2155 1971 2222 quod
2007 2159 2199 2209 referre
2236 2160 2404 2223 possis

325 2247 422 2295 illa
453 2249 569 2293 ante
599 2255 714 2306 quos
731 2247 757 2289 Ρ
802 2257 871 2290 an
904 2241 973 2290 ad
989 2241 1206 2291 Balthos
1241 2246 1296 2290 et
1333 2240 1543 2291 Amalos
1560 2242 1585 2290 ⁸?
1652 2241 1911 2306 Equidem
1946 2240 2153 2289 mallem
2190 2244 2405 2303 antiquie

325 2334 482 2381 etiam
513 2325 735 2377 cantibus
765 2323 853 2373 vel
881 2328 1080 2386 antiquo
1114 2327 1265 2372 etiam
1300 2329 1448 2373 cantu
1458 2344 1479 2385 ;
1512 2326 1673 2375 verba
1708 2326 1847 2375 enim
1886 2330 2001 2373 ante
2034 2336 2150 2387 quoe
2178 2338 2245 2373 ex
2276 2337 2405 2373 voce

328 2416 559 2475 antiquus
601 2423 714 2459 esse
754 2412 1048 2471 corruptum
1063 2444 1078 2471 ,
1122 2407 1325 2472 liquere
1362 2405 1567 2457 videtur
1600 2422 1667 2458 ex
1703 2408 1832 2458 Exe.
1874 2409 1933 2457 in
1971 2407 2158 2471 quibus
2193 2406 2403 2471 legitur,

327 2500 644 2559 antiquorum
677 2495 831 2542 etiam
857 2490 999 2553 fucta
1028 2494 1282 2540 maiorum
1312 2495 1549 2540 cantuum
1582 2490 1999 2539 modulationibus
2034 2494 2132 2543 eet.
2168 2516 2239 2527 —-
2267 2491 2407 2538 Eter-

319 2576 562 2645 pamara)
595 2574 684 2627 Sie
715 2575 847 2627 Pall.
882 2574 1062 2626 Ambr.
1099 2575 1209 2625 eod.
1250 2574 1367 2624 Par.
1391 2574 1544 2625 5766.
1572 2574 1664 2623 sed
1695 2574 1815 2626 Par.
1833 2574 1984 2625 5873.
2016 2575 2406 2635 Ethevpamarae

323 2663 442 2711 Par.
483 2662 633 2711 1890.
655 2660 995 2722 Εψαηιαηαε,
1030 2661 1136 2725 Mg.
1168 2657 1346 2722 ed.'pr.
1367 2662 1712 2721 etevpamalae,
1742 2657 1847 2721 Mg.
1877 2656 1992 2705 Par.
2020 2657 2405 2717 Ethewamara,

323 2744 624 2796 Ekkehard.
657 2744 960 2806 Erpantaloe,
975 2758 1070 2807 pro
1089 2758 1190 2807 quo
1214 2744 1271 2792 in
1297 2742 1455 2792 variis
1479 2742 1592 2791 eius
1607 2739 1919 2791 lectionibus
1930 2734 2113 2788 visitur
2137 2738 2300 2787 etiam
2314 2737 2407 2785 Ae-

319 2830 544 2893 pantaze,
570 2826 910 2888 Expantanae,
939 2827 1241 2887 Emantanoe
1255 2844 1276 2885 ;
1308 2840 1359 2873 v.
1389 2826 1789 2887 Ethespamarae.
1825 2849 1891 2859 -—-
1925 2822 2164 2888 Amatae)
2188 2822 2275 2872 Ita
2297 2822 2407 2887 Mg.

324 2913 441 2961 Par.
468 2910 683 2960 dubium
705 2913 895 2971 tamen,
913 2908 1172 2971 seriptone
1197 2921 1224 2955 e
1245 2906 1381 2956 libro
1404 2922 1473 2955 an
1498 2922 1527 2956 e
1549 2907 1655 2973 Mg.
1681 2906 1898 2956 Leunel.
1940 2909 2058 2955 utut
2091 2909 2269 2953 tamen
2310 2908 2404 2967 est,

323 2991 667 3057 respuendam
692 3006 799 3040 non
828 2990 953 3039 duxi
976 3006 1090 3039 eam
1111 2988 1404 3052 lectionem,
1416 2990 1539 3053 quia
1560 2990 1745 3039 mirum
1764 3004 1888 3039 sane
1912 2993 2062 3052 esset,
2082 2989 2127 3038 si
2144 2988 2405 3051 Amatam,

327 3077 643 3126 clarissimae
657 3074 956 3124 Amalorum
975 3073 1143 3137 gentis
1160 3076 1441 3137 auctorem,
1472 3074 1710 3121 cantibus
1726 3087 1833 3121 non
1851 3073 2199 3122 celebrassent
2222 3069 2403 3134 Gothi,

324 3163 455 3213 alios
471 3159 638 3226 gloria
658 3158 926 3207 inferiores
944 3157 1309 3207 celebrassent.
1345 3156 1583 3207 Ceterum
1618 3160 1671 3205 et
1701 3155 1800 3205 hoo
1832 3156 1890 3204 in
1912 3155 2119 3205 nomine
2138 3154 2402 3215 variatum

323 3245 499 3295 Ambr.
525 3244 770 3301 Hanalae,
792 3240 904 3292 eod.
921 3240 1036 3289 Par.
1059 3240 1208 3289 1890,
1254 3241 1521 3287 Hannalae
1538 3238 1779 3303 praefert,
1808 3237 1937 3288 Exe.
1957 3241 2211 3297 Hannale,
2205 3257 2217 3267 ·
2240 3238 2405 3301 vulgo

323 3331 552 3377 Hanalae
572 3326 777 3391 legitur.
815 3350 882 3359 —
910 3319 1205 3387 Frt’diqerni)
1229 3321 1439 3371 Mallem
1454 3322 1748 3384 Fritiqemi‚·
1778 3337 1828 3369 v.
1848 3325 2025 3371 annot.
2051 3320 2121 3370 ad
2149 3334 2193 3367 e.
2218 3320 2304 3368 26.
2335 3343 2402 3354 —

330 3406 600 3473 Vidiyoiae)
618 3406 707 3457 Sie
725 3406 898 3455 Ambr.
919 3406 1020 3455 nisi
1043 3404 1181 3469 quod
1199 3421 1224 3453 c
1240 3419 1335 3468 pro
1356 3422 1401 3467 y,
1426 3419 1559 3468 quae
1573 3404 1789 3453 literae·
1771 3419 1827 3453 m
1850 3403 1998 3453 libris
2015 3401 2221 3466 seriptis
2243 3413 2404 3465 saepe

323 3486 706 3557 permutantur,
751 3488 844 3551 sed
875 3504 1012 3539 unus
1038 3488 1170 3539 Pau.
1201 3503 1319 3537 eum
1344 3487 1457 3540 eod.
1480 3488 1597 3541 Par.
1619 3489 1766 3537 1890.
1819 3488 2111 3549 widiyotae,
2129 3484 2265 3534 alter
2284 3482 2401 3532 Pal·

332 3578 627 3636 wiolico-iae,
663 3572 770 3637 Mg.
801 3572 882 3626 ed.
925 3588 1006 3637 pr.
1059 3574 1387 3635 Widiqothae‚
1418 3572 1546 3622 Exe.
1589 3572 1857 3635 widiqoie‚·
1907 3587 1957 3620 v.
2002 3569 2296 3619 Widieulae.
2337 3591 2401 3601 -

319 3665 462 3726 pinio
486 3664 580 3725 est)
615 3659 788 3709 Ambr.
813 3662 958 3721 eopia
980 3663 1065 3709 eat.
1110 3684 1163 3693 -
1213 3655 1417 3715 Vesosis)
1436 3654 1709 3717 Freeulph.
1760 3656 1978 3716 Veeozes,
2005 3652 2133 3701 Exe.
2173 3652 2399 3713 Veeocee,
