2567 4084
1277 106 1361 171 68

445 288 630 357 XVI.
705 288 870 355 Nam
913 306 1070 371 gens
1111 286 1234 353 ista
1262 288 1491 353 mirum
1532 288 1599 353 in
1626 286 1889 354 modum
1930 288 1999 353 in
2042 308 2121 355 ea
2150 291 2359 378 parte,

197 444 206 451 .
281 410 410 479 qua
441 387 848 473 versabatur,
892 388 962 453 id
1005 390 1100 453 est
1125 387 1317 455 Ponti
1358 388 1426 454 in
1467 388 1652 454 litore
1684 385 1988 472 Scythiae
2032 390 2173 475 soli,
2219 391 2361 457 eni-

278 492 422 572 tuit,
463 490 600 562 sine
643 486 843 553 dubio
890 492 1068 554 tanta
1111 487 1319 572 spatia
1368 493 1593 553 tenens
1636 486 1983 572 terrarum,
2038 492 2136 554 tot
2176 490 2358 557 sinus

280 588 494 673 maris,
539 592 636 653 tot
665 588 998 653 fluminum
1033 606 1276 669 cursuS,
1314 586 1434 652 sub
1472 587 1653 652 cuius
1690 604 1882 673 saepe
1920 587 2145 652 dextra
2174 588 2359 654 Van-

281 688 466 753 dalus
509 687 724 771 iacuit,
771 688 946 753 stetit
989 686 1110 753 sub
1153 686 1361 772 pretio
1405 686 1895 751 Marcomannus
1915 733 1932 768 ,
1980 685 2359 770 Quadorum

250 780 605 875 'principes
647 787 715 851 in
761 787 1132 853 servitutem
1173 784 1417 849 redacti
1470 789 1634 850 sunt.
1732 784 2037 871 Philippo
2078 806 2357 874 namque

283 894 432 954 ante
478 888 647 953 dicto
696 892 999 973 regnante
1041 884 1378 967 RomaniS,
1426 884 1536 970 qui
1579 885 1753 951 solus
1796 890 1943 950 ante
1990 884 2360 954 Constanti-

282 1006 440 1052 num
485 987 888 1053 Christianus
931 1003 1084 1051 cum.
1116 984 1442 1070 Philippo,
1486 985 1553 1050 id
1599 990 1695 1049 est
1734 985 1903 1070 filio,
1962 984 2114 1069 fuit,
2175 987 2357 1053 cuius

284 1091 350 1151 et
391 1086 668 1151 secundo
717 1105 883 1173 anno
929 1084 1109 1167 regni
1151 1084 1359 1149 Roma
1402 1084 1805 1149 millesimum
1850 1104 2088 1150 annum
2134 1087 2359 1172 exple·-

283 1186 412 1269 vit,
460 1186 692 1271 Gothi,
753 1191 824 1251 ut
866 1184 1136 1267 assolet,
1191 1184 1519 1248 subtracta
1564 1181 1687 1247 sibi
1732 1184 2055 1269 stipendia
2098 1204 2216 1249 sua
2260 1186 2359 1253 fe-

281 1291 493 1351 rentes
537 1306 746 1372 aegre,
794 1285 872 1352 de
915 1284 1133 1349 amicis
1178 1284 1329 1348 facti
1359 1289 1507 1349 sunt
1534 1282 1791 1347 inimici.
1862 1282 2028 1347 Nam
2058 1283 2357 1369 quamvis

283 1386 537 1450 remoti·
577 1386 696 1452 sub
755 1385 1027 1468 regibus
1071 1384 1365 1447 viverent
1433 1384 1599 1465 suiS,
1678 1383 2068 1471 reipublicae
2140 1390 2359 1467 tamen

283 1484 614 1550 Romanae
644 1484 952 1549 foederati
983 1489 1182 1565 erant,
1229 1488 1293 1546 et
1336 1500 1547 1545 annua
1591 1502 1853 1547 munera
1892 1484 2358 1569 percipiebant.

285 1582 465 1667 Quid
510 1584 752 1649 multa?
839 1582 1180 1647 Transiens
1226 1586 1378 1645 tunc
1423 1581 1811 1665 Ostrogotha
1858 1603 2001 1648 cum
2045 1585 2175 1649 suis
2217 1586 2360 1650 Da-

289 1683 597 1766 nubium,
668 1684 990 1749 Moesiam
1037 1680 1505 1767 Thraciamque
1580 1684 1875 1748 vastavit.
1991 1684 2099 1748 Ad
2171 1704 2361 1770 quem

289 1782 729 1869 repellendum
775 1783 1010 1849 Decius
1069 1786 1323 1845 senator
1380 1800 1419 1843 a
1462 1780 1765 1867 Philippo
1826 1782 2136 1867 dirigitur.
2232 1782 2361 1869 Qui

289 1883 554 1947 veniens
601 1882 750 1948 dum
800 1882 977 1948 Getis
1020 1882 1180 1947 nihil
1223 1880 1571 1967 praevalet,
1622 1881 1853 1947 milites
1896 1884 2191 1969 proprios
2238 1904 2360 1950 ex-

286 1990 541 2071 emptos
583 2002 622 2049 a
665 1982 890 2048 militia
932 1980 1080 2045 fecit
1125 1982 1258 2045 'vita
1301 1982 1553 2067 privata
1597 1979 1860 2064 degere,
1916 1984 2097 2066 quasi
2141 2004 2363 2050 eorum

429 2288 555 2351 Cap.
591 2285 734 2335 XVI.
804 2287 1029 2347 Scythiae
1061 2287 1180 2347 soli)
1227 2284 1485 2335 Videntur
1518 2284 1647 2334 haec
1680 2284 1925 2349 ponenda
1956 2291 2075 2350 post
2106 2286 2271 2336 verba
2302 2291 2358 2336 in

293 2387 354 2423 ea
393 2376 564 2433 parte,
615 2374 676 2419 ut
719 2374 843 2433 apta
887 2369 992 2419 sint
1038 2384 1102 2417 ex
1147 2367 1260 2431 his,
1312 2368 1565 2433 quomodo
1600 2368 1821 2419 habetur
1868 2369 2009 2432 apud
2041 2369 2169 2419 Rod.
2209 2374 2265 2419 in
2300 2386 2357 2419 ea

283 2448 436 2519 ⁴parte
457 2456 655 2516 Sythiae
677 2468 772 2515 qua
794 2452 1040 2500 manebat.
1066 2478 1134 2487 —
1157 2451 1356 2518 enituit)
1383 2451 1469 2502 Sic
1494 2467 1587 2515 pro
1614 2450 1755 2515 vulg.
1782 2455 1998 2501 innotuit
2022 2450 2152 2503 Pan.
2178 2452 2356 2503 Ambr.

285 2532 424 2588 Bou.
464 2566 532 2575 -—
592 2533 867 2600 Vandalus)
914 2536 1090 2588 Ambr.
1139 2537 1411 2585 Gandalus.
1448 2562 1516 2573 -—
1565 2532 1838 2601 principes)
1886 2534 2017 2585 Rod.
2068 2550 2183 2584 cum
2228 2536 2358 2585 Exc.

287 2624 535 2684 princeps.
584 2647 651 2657 —
703 2620 958 2680 PhilippO,
1011 2619 1066 2667 id
1119 2624 1186 2667 est
1228 2615 1355 2685 filio)
1413 2617 1592 2667 Potest
1646 2616 1769 2666 ferri
1826 2617 1956 2667 haec
2008 2618 2162 2666 lectio
2180 2654 2193 2681 ,
2253 2619 2362 2669 alio

293 2708 470 2753 tamen
506 2702 700 2752 ducunt
730 2702 861 2751 Pall.
905 2702 995 2765 qui
1027 2704 1160 2751 idem
1192 2703 1519 2767 praeferunt,
1560 2716 1654 2765 pro
1698 2717 1801 2765 quo
1846 2702 2051 2753 solenni
2091 2702 2362 2755 literarum

298 2787 336 2837 d
370 2792 422 2835 et
455 2792 476 2835 t
507 2788 886 2851 permutatione
928 2789 1048 2833 item
1092 2768 1171 2835 e‘st
1202 2784 1545 2846 scribendum.
1615 2785 1918 2863 [regendum
1949 2787 2150 2851 itaque,
2197 2793 2362 2839 trans-

203 2880 210 2887 ·
293 2870 481 2934 positis
534 2869 688 2919 simul
737 2884 853 2918 cum
899 2870 1029 2921 Exc.
1078 2868 1278 2919 duabus
1329 2869 1572 2931 vocibuS,
1629 2884 1741 2917 cum
1788 2872 1893 2931 filio
1942 2874 2062 2919 item
2112 2871 2358 2939 Philippo,

293 2951 551 3017 quomodo
574 2959 748 3004 noster
776 2959 828 3003 et
851 2954 980 3003 alias
1001 2954 1150 3018 ponit
1171 2954 1331 3002 verba
1354 2953 1411 3001 in
1436 2952 1612 3003 eadem
1636 2953 1897 3002 locutione
1931 2958 1992 3001 ut
2014 2968 2170 3018 supra
2202 2971 2245 3005 c.
2279 2959 2359 3009 14.

296 3036 574 3085 Germanus
603 3041 767 3099 filium
800 3042 965 3100 yenuit
999 3043 1118 3086 item
1157 3040 1473 3096 Germanum,
1510 3041 1562 3086 et
1594 3037 1730 3085 infra
1764 3053 1806 3085 c.
1832 3038 1912 3085 60.
1946 3045 2209 3101 postumus
2246 3042 2361 3089 Ger-

294 3123 440 3179 mani
473 3126 618 3168 natus
654 3128 723 3169 est
759 3125 892 3185 filius
927 3126 1045 3171 item
1083 3124 1371 3171 Germanus.
1441 3121 1541 3169 Pro
1577 3121 1717 3185 vulg.
1738 3114 1797 3169 'is
1831 3126 1902 3169 est
1938 3121 2044 3185 Mg.
2080 3123 2196 3171 Par.
2234 3128 2359 3173 cius·
2444 3124 2450 3137 “

295 3204 410 3251 dem
445 3205 596 3256 sistit.
643 3232 710 3243 --
755 3206 1031 3270 subtracta)
1079 3204 1166 3255 Sic
1209 3221 1304 3269 pro
1348 3205 1490 3269 vulg.
1534 3206 1771 3253 distracta
1815 3202 1947 3253 Pall-
1991 3204 2167 3253 Ambr.
2216 3205 2357 3269 Epit.

293 3285 448 3336 Bonf.
482 3314 552 3325 -—
582 3288 672 3337 sub
704 3290 915 3353 reyibus)
951 3289 1126 3339 Ambr.
1162 3290 1369 3353 leyibus,
1414 3289 1669 3353 quomodo
1705 3289 1899 3339 dudum
1933 3291 2089 3339 etiam
2133 3290 2215 3338 vir
2250 3290 2358 3353 qui-

297 3368 419 3417 dam
451 3370 632 3421 doctus
668 3376 936 3436 proposuit
956 3373 1258 3438 legendum:
1295 3379 1501 3439 praeter
1521 3375 1896 3437 necessitatem,
1932 3372 2086 3421 immo
2120 3372 2273 3421 male.
2294 3396 2357 3407 -—
2434 3378 2440 3383 '

298 3452 422 3500 dum
463 3454 594 3529 Getis
627 3457 751 3503 nihil
779 3457 1056 3523 praevalet)
1093 3456 1179 3508 Sic
1210 3458 1343 3529 Pan:
1382 3473 1499 3507 cum
1532 3459 1637 3523 Mg.
1670 3460 1788 3508 Par.
1824 3458 1915 3508 sed
1948 3457 2123 3505 Ambr.
2154 3458 2353 3515 Gothi-33

299 3550 351 3583 v.
385 3540 540 3600 yenti,
568 3554 738 3603 ‚prona
772 3546 824 3590 et
857 3542 974 3605 plus
1010 3542 1168 3591 semel
1203 3543 1357 3593 obvia
1388 3545 1656 3607 utriusque
1689 3543 1927 3593 vocabuli
1962 3540 2355 3605 permutatione,

301 3621 364 3667 ut
404 3620 545 3681 apud
577 3620 860 3691 claudian.
909 3625 1078 3675 Rufin.
1114 3628 1168 3705 Ι,
1210 3628 1325 3677 308.
1377 3631 1431 3678 et
1462 3627 1749 3681 Marcellin.
1785 3628 1923 3679 Com.
1959 3626 2027 3676 ad
2058 3641 2106 3675 a.
2144 3625 2260 3675 517.
2293 3650 2358 3663 --
