<?xml version="1.0" encoding="UTF-8"?>
<!DOCTYPE html PUBLIC "-//W3C//DTD XHTML 1.0 Transitional//EN"
    "http://www.w3.org/TR/xhtml1/DTD/xhtml1-transitional.dtd">
<html xmlns="http://www.w3.org/1999/xhtml" xml:lang="en" lang="en">
 <head>
  <title>
</title>
<meta http-equiv="Content-Type" content="text/html;charset=utf-8" />
  <meta name='ocr-system' content='tesseract 3.04.00' />
  <meta name='ocr-capabilities' content='ocr_page ocr_carea ocr_par ocr_line ocrx_word'/>
</head>
<body>
  <div class='ocr_page' id='page_1' title='image "./jordanisdegetar00closgoog_0145.png"; bbox 0 0 2567 4084; ppageno 0'>
   <div class='ocr_carea' id='block_1_1' title="bbox 1125 131 1248 199">
    <p class='ocr_par' dir='ltr' id='par_1_1' title="bbox 1125 131 1248 199">
     <span class='ocr_line' id='line_1_1' title="bbox 1125 131 1248 199; baseline -0.016 0"><span class='ocrx_word' id='word_1_1' title='bbox 1125 131 1248 199; x_wconf 68' lang='lat'><strong>123</strong></span> 
     </span>
    </p>
   </div>
   <div class='ocr_carea' id='block_1_2' title="bbox 139 310 2219 2091">
    <p class='ocr_par' dir='ltr' id='par_1_2' title="bbox 139 310 2219 2091">
     <span class='ocr_line' id='line_1_2' title="bbox 153 310 2219 402; baseline -0.002 -19"><span class='ocrx_word' id='word_1_2' title='bbox 153 315 407 383; x_wconf 85' lang='lat' dir='ltr'><strong>delatus</strong></span> <span class='ocrx_word' id='word_1_3' title='bbox 449 334 566 402; x_wconf 87' lang='lat' dir='ltr'><strong>per</strong></span> <span class='ocrx_word' id='word_1_4' title='bbox 606 314 816 381; x_wconf 85' lang='lat' dir='ltr'><strong>virum</strong></span> <span class='ocrx_word' id='word_1_5' title='bbox 848 312 1377 398; x_wconf 80' lang='lat' dir='ltr'><strong>gloriosissimum</strong></span> <span class='ocrx_word' id='word_1_6' title='bbox 1403 310 1803 393; x_wconf 56' lang='lat' dir='ltr'><strong>Baliarium,</strong></span> <span class='ocrx_word' id='word_1_7' title='bbox 1844 311 2219 397; x_wconf 84' lang='lat' dir='ltr'><strong>magistrum</strong></span> 
     </span>
     <span class='ocr_line' id='line_1_3' title="bbox 147 411 2218 500; baseline -0 -21"><span class='ocrx_word' id='word_1_8' title='bbox 147 414 426 481; x_wconf 85' lang='lat' dir='ltr'><strong>militum</strong></span> <span class='ocrx_word' id='word_1_9' title='bbox 469 412 862 497; x_wconf 77' lang='lat' dir='ltr'><strong>orientalem,</strong></span> <span class='ocrx_word' id='word_1_10' title='bbox 905 413 1313 481; x_wconf 80' lang='lat' dir='ltr'><strong>exconsulem</strong></span> <span class='ocrx_word' id='word_1_11' title='bbox 1358 411 1747 480; x_wconf 85' lang='lat' dir='ltr'><strong>ordinarium</strong></span> <span class='ocrx_word' id='word_1_12' title='bbox 1786 414 1975 499; x_wconf 86' lang='lat' dir='ltr'><strong>atque</strong></span> <span class='ocrx_word' id='word_1_13' title='bbox 2016 412 2218 500; x_wconf 85' lang='lat' dir='ltr'><strong>patri-</strong></span> 
     </span>
     <span class='ocr_line' id='line_1_4' title="bbox 149 510 2217 599; baseline -0.001 -20"><span class='ocrx_word' id='word_1_14' title='bbox 149 514 343 599; x_wconf 86' lang='lat' dir='ltr'><strong>cium,</strong></span> <span class='ocrx_word' id='word_1_15' title='bbox 387 532 690 599; x_wconf 84' lang='lat' dir='ltr'><strong>magnum</strong></span> <span class='ocrx_word' id='word_1_16' title='bbox 732 512 801 577; x_wconf 89' lang='lat' dir='ltr'><strong>in</strong></span> <span class='ocrx_word' id='word_1_17' title='bbox 844 512 1010 578; x_wconf 84' lang='lat' dir='ltr'><strong>circo</strong></span> <span class='ocrx_word' id='word_1_18' title='bbox 1039 512 1282 599; x_wconf 89' lang='lat' dir='ltr'><strong>populo</strong></span> <span class='ocrx_word' id='word_1_19' title='bbox 1326 510 1760 599; x_wconf 73' lang='lat' dir='ltr'><strong>spectaculum</strong></span> <span class='ocrx_word' id='word_1_20' title='bbox 1786 510 1927 595; x_wconf 87' lang='lat' dir='ltr'><strong>fuit,</strong></span> <span class='ocrx_word' id='word_1_21' title='bbox 1971 530 2217 577; x_wconf 85' lang='lat' dir='ltr'><strong>seram-</strong></span> 
     </span>
     <span class='ocr_line' id='line_1_5' title="bbox 151 609 2217 699; baseline -0.002 -20"><span class='ocrx_word' id='word_1_22' title='bbox 151 632 281 699; x_wconf 88' lang='lat' dir='ltr'><strong>que</strong></span> <span class='ocrx_word' id='word_1_23' title='bbox 321 612 424 679; x_wconf 88' lang='lat' dir='ltr'><strong>sui</strong></span> <span class='ocrx_word' id='word_1_24' title='bbox 463 611 946 698; x_wconf 84' lang='lat' dir='ltr'><strong>poenitudinem</strong></span> <span class='ocrx_word' id='word_1_25' title='bbox 987 631 1216 697; x_wconf 87' lang='lat' dir='ltr'><strong>gerens</strong></span> <span class='ocrx_word' id='word_1_26' title='bbox 1239 659 1258 696; x_wconf 93' lang='lat'><strong>,</strong></span> <span class='ocrx_word' id='word_1_27' title='bbox 1325 631 1523 699; x_wconf 90' lang='lat' dir='ltr'><strong>quum</strong></span> <span class='ocrx_word' id='word_1_28' title='bbox 1582 629 1651 677; x_wconf 87' lang='lat' dir='ltr'><strong>se</strong></span> <span class='ocrx_word' id='word_1_29' title='bbox 1703 609 1952 676; x_wconf 81' lang='lat' dir='ltr'><strong>videret</strong></span> <span class='ocrx_word' id='word_1_30' title='bbox 1995 610 2075 675; x_wconf 89' lang='lat' dir='ltr'><strong>de</strong></span> <span class='ocrx_word' id='word_1_31' title='bbox 2116 610 2217 675; x_wconf 85' lang='lat' dir='ltr'><strong>fa-</strong></span> 
     </span>
     <span class='ocr_line' id='line_1_6' title="bbox 149 708 2215 798; baseline -0.001 -21"><span class='ocrx_word' id='word_1_32' title='bbox 149 712 344 797; x_wconf 84' lang='lat' dir='ltr'><strong>stigio</strong></span> <span class='ocrx_word' id='word_1_33' title='bbox 386 710 590 795; x_wconf 83' lang='lat' dir='ltr'><strong>regali</strong></span> <span class='ocrx_word' id='word_1_34' title='bbox 631 711 970 795; x_wconf 86' lang='lat' dir='ltr'><strong>deiectum,</strong></span> <span class='ocrx_word' id='word_1_35' title='bbox 1013 710 1307 798; x_wconf 85' lang='lat' dir='ltr'><strong>privatae</strong></span> <span class='ocrx_word' id='word_1_36' title='bbox 1358 710 1553 793; x_wconf 82' lang='lat' dir='ltr'><strong>vitae,</strong></span> <span class='ocrx_word' id='word_1_37' title='bbox 1617 708 1723 775; x_wconf 91' lang='lat' dir='ltr'><strong>cui</strong></span> <span class='ocrx_word' id='word_1_38' title='bbox 1762 708 1966 775; x_wconf 86' lang='lat' dir='ltr'><strong>noluit</strong></span> <span class='ocrx_word' id='word_1_39' title='bbox 2006 710 2215 775; x_wconf 84' lang='lat' dir='ltr'><strong>famu-</strong></span> 
     </span>
     <span class='ocr_line' id='line_1_7' title="bbox 145 805 2216 896; baseline -0.001 -21"><span class='ocrx_word' id='word_1_40' title='bbox 145 810 288 889; x_wconf 81' lang='lat' dir='ltr'><strong>lari,</strong></span> <span class='ocrx_word' id='word_1_41' title='bbox 333 809 630 876; x_wconf 87' lang='lat' dir='ltr'><strong>redactus</strong></span> <span class='ocrx_word' id='word_1_42' title='bbox 694 811 1014 879; x_wconf 88' lang='lat' dir='ltr'><strong>occubuit.</strong></span> <span class='ocrx_word' id='word_1_43' title='bbox 1115 809 1223 877; x_wconf 88' lang='lat' dir='ltr'><strong>Sic</strong></span> <span class='ocrx_word' id='word_1_44' title='bbox 1263 810 1487 876; x_wconf 69' lang='lat' dir='ltr'><strong>Africa</strong></span> <span class='ocrx_word' id='word_1_45' title='bbox 1500 858 1517 893; x_wconf 93' lang='lat'>‚</span> <span class='ocrx_word' id='word_1_46' title='bbox 1588 829 1753 896; x_wconf 84' lang='lat' dir='ltr'><strong>quae</strong></span> <span class='ocrx_word' id='word_1_47' title='bbox 1791 808 1861 873; x_wconf 87' lang='lat' dir='ltr'><strong>in</strong></span> <span class='ocrx_word' id='word_1_48' title='bbox 1902 805 2216 874; x_wconf 83' lang='lat' dir='ltr'><strong>divisione</strong></span> 
     </span>
     <span class='ocr_line' id='line_1_8' title="bbox 149 903 2213 998; baseline -0.002 -21"><span class='ocrx_word' id='word_1_49' title='bbox 149 908 326 977; x_wconf 89' lang='lat' dir='ltr'><strong>orbis</strong></span> <span class='ocrx_word' id='word_1_50' title='bbox 367 914 677 977; x_wconf 86' lang='lat' dir='ltr'><strong>terrarum</strong></span> <span class='ocrx_word' id='word_1_51' title='bbox 717 911 906 977; x_wconf 82' lang='lat' dir='ltr'><strong>tertia</strong></span> <span class='ocrx_word' id='word_1_52' title='bbox 947 929 1098 998; x_wconf 86' lang='lat' dir='ltr'><strong>pars</strong></span> <span class='ocrx_word' id='word_1_53' title='bbox 1139 908 1364 977; x_wconf 86' lang='lat' dir='ltr'><strong>mundi</strong></span> <span class='ocrx_word' id='word_1_54' title='bbox 1408 908 1806 987; x_wconf 84' lang='lat' dir='ltr'><strong>describitur,</strong></span> <span class='ocrx_word' id='word_1_55' title='bbox 1848 903 2213 977; x_wconf 76' lang='lat' dir='ltr'><strong>,centesimo</strong></span> 
     </span>
     <span class='ocr_line' id='line_1_9' title="bbox 146 1003 2216 1094; baseline -0 -20"><span class='ocrx_word' id='word_1_56' title='bbox 146 1008 280 1077; x_wconf 87' lang='lat' dir='ltr'><strong>fere</strong></span> <span class='ocrx_word' id='word_1_57' title='bbox 321 1028 490 1075; x_wconf 85' lang='lat' dir='ltr'><strong>anno</strong></span> <span class='ocrx_word' id='word_1_58' title='bbox 522 1008 881 1075; x_wconf 87' lang='lat' dir='ltr'><strong>Vandalico</strong></span> <span class='ocrx_word' id='word_1_59' title='bbox 925 1003 1089 1093; x_wconf 87' lang='lat' dir='ltr'><strong>iugo&#39;</strong></span> <span class='ocrx_word' id='word_1_60' title='bbox 1121 1014 1361 1094; x_wconf 86' lang='lat' dir='ltr'><strong>erepta,</strong></span> <span class='ocrx_word' id='word_1_61' title='bbox 1405 1008 1475 1073; x_wconf 88' lang='lat' dir='ltr'><strong>in</strong></span> <span class='ocrx_word' id='word_1_62' title='bbox 1514 1007 1875 1073; x_wconf 83' lang='lat' dir='ltr'><strong>libertatem</strong></span> <span class='ocrx_word' id='word_1_63' title='bbox 1914 1010 2216 1073; x_wconf 85' lang='lat' dir='ltr'><strong>revocata</strong></span> 
     </span>
     <span class='ocr_line' id='line_1_10' title="bbox 147 1096 2212 1195; baseline -0.002 -20"><span class='ocrx_word' id='word_1_64' title='bbox 147 1114 248 1175; x_wconf 89' lang='lat' dir='ltr'><strong>est</strong></span> <span class='ocrx_word' id='word_1_65' title='bbox 302 1108 487 1193; x_wconf 85' lang='lat' dir='ltr'><strong>regni</strong></span> <span class='ocrx_word' id='word_1_66' title='bbox 541 1096 852 1193; x_wconf 85' lang='lat' dir='ltr'><strong>Romani,</strong></span> <span class='ocrx_word' id='word_1_67' title='bbox 911 1114 976 1175; x_wconf 92' lang='lat' dir='ltr'><strong>et</strong></span> <span class='ocrx_word' id='word_1_68' title='bbox 1031 1128 1224 1195; x_wconf 86' lang='lat' dir='ltr'><strong>quam</strong></span> <span class='ocrx_word' id='word_1_69' title='bbox 1294 1108 1539 1174; x_wconf 87' lang='lat' dir='ltr'><strong>dudum</strong></span> <span class='ocrx_word' id='word_1_70' title='bbox 1600 1106 1854 1191; x_wconf 77' lang='lat' dir='ltr'><strong>ignavis</strong></span> <span class='ocrx_word' id='word_1_71' title='bbox 1919 1105 2212 1185; x_wconf 84' lang='lat' dir='ltr'><strong>dominis,</strong></span> 
     </span>
     <span class='ocr_line' id='line_1_11' title="bbox 146 1207 2215 1295; baseline -0.002 -22"><span class='ocrx_word' id='word_1_72' title='bbox 146 1208 426 1275; x_wconf 86' lang='lat' dir='ltr'><strong>ducibus</strong></span> <span class='ocrx_word' id='word_1_73' title='bbox 468 1207 858 1291; x_wconf 81' lang='lat' dir='ltr'><strong>infidelibuS,</strong></span> <span class='ocrx_word' id='word_1_74' title='bbox 901 1228 940 1273; x_wconf 87' lang='lat' dir='ltr'><strong>a</strong></span> <span class='ocrx_word' id='word_1_75' title='bbox 981 1207 1375 1295; x_wconf 82' lang='lat' dir='ltr'><strong>reipublicae</strong></span> <span class='ocrx_word' id='word_1_76' title='bbox 1398 1208 1729 1273; x_wconf 80' lang='lat' dir='ltr'><strong>Romanae</strong></span> <span class='ocrx_word' id='word_1_77' title='bbox 1758 1224 2025 1290; x_wconf 85' lang='lat' dir='ltr'><strong>corpore</strong></span> <span class='ocrx_word' id='word_1_78' title='bbox 2053 1224 2215 1289; x_wconf 85' lang='lat' dir='ltr'><strong>gen-</strong></span> 
     </span>
     <span class='ocr_line' id='line_1_12' title="bbox 143 1304 2213 1392; baseline -0.003 -17"><span class='ocrx_word' id='word_1_79' title='bbox 143 1307 276 1376; x_wconf 87' lang='lat' dir='ltr'><strong>tilis</strong></span> <span class='ocrx_word' id='word_1_80' title='bbox 323 1326 552 1374; x_wconf 79' lang='lat' dir='ltr'><strong>manus</strong></span> <span class='ocrx_word' id='word_1_81' title='bbox 585 1307 962 1392; x_wconf 77' lang='lat' dir='ltr'><strong>abstulerat,</strong></span> <span class='ocrx_word' id='word_1_82' title='bbox 1005 1326 1046 1371; x_wconf 84' lang='lat' dir='ltr'><strong>a</strong></span> <span class='ocrx_word' id='word_1_83' title='bbox 1089 1307 1307 1373; x_wconf 87' lang='lat' dir='ltr'><strong>solerti</strong></span> <span class='ocrx_word' id='word_1_84' title='bbox 1338 1307 1595 1374; x_wconf 87' lang='lat' dir='ltr'><strong>domino</strong></span> <span class='ocrx_word' id='word_1_85' title='bbox 1640 1309 1705 1371; x_wconf 91' lang='lat' dir='ltr'><strong>et</strong></span> <span class='ocrx_word' id='word_1_86' title='bbox 1744 1304 1921 1371; x_wconf 89' lang='lat' dir='ltr'><strong>fideli</strong></span> <span class='ocrx_word' id='word_1_87' title='bbox 1949 1304 2213 1370; x_wconf 87' lang='lat' dir='ltr'><strong>ductore</strong></span> 
     </span>
     <span class='ocr_line' id='line_1_13' title="bbox 142 1403 2213 1501; baseline -0.002 -28"><span class='ocrx_word' id='word_1_88' title='bbox 142 1412 300 1478; x_wconf 84' lang='lat' dir='ltr'><strong>tunc</strong></span> <span class='ocrx_word' id='word_1_89' title='bbox 352 1411 653 1501; x_wconf 78' lang='lat' dir='ltr'><strong>revocata</strong></span> <span class='ocrx_word' id='word_1_90' title='bbox 704 1406 1024 1493; x_wconf 84' lang='lat' dir='ltr'><strong>hodieque</strong></span> <span class='ocrx_word' id='word_1_91' title='bbox 1088 1407 1466 1492; x_wconf 84' lang='lat' dir='ltr'><strong>congaudet.</strong></span> <span class='ocrx_word' id='word_1_92' title='bbox 1570 1403 1881 1491; x_wconf 85' lang='lat' dir='ltr'><strong>Quamvis</strong></span> <span class='ocrx_word' id='word_1_93' title='bbox 1945 1409 2009 1470; x_wconf 90' lang='lat' dir='ltr'><strong>et</strong></span> <span class='ocrx_word' id='word_1_94' title='bbox 2064 1408 2213 1489; x_wconf 86' lang='lat' dir='ltr'><strong>post</strong></span> 
     </span>
     <span class='ocr_line' id='line_1_14' title="bbox 140 1502 2211 1593; baseline -0.001 -22"><span class='ocrx_word' id='word_1_95' title='bbox 140 1506 306 1573; x_wconf 86' lang='lat' dir='ltr'><strong>haec</strong></span> <span class='ocrx_word' id='word_1_96' title='bbox 347 1506 744 1592; x_wconf 87' lang='lat' dir='ltr'><strong>aliquantum</strong></span> <span class='ocrx_word' id='word_1_97' title='bbox 783 1506 1083 1573; x_wconf 85' lang='lat' dir='ltr'><strong>intestino</strong></span> <span class='ocrx_word' id='word_1_98' title='bbox 1126 1507 1372 1593; x_wconf 87' lang='lat' dir='ltr'><strong>proelio</strong></span> <span class='ocrx_word' id='word_1_99' title='bbox 1415 1507 1911 1591; x_wconf 84' lang='lat' dir='ltr'><strong>Maurorumque</strong></span> <span class='ocrx_word' id='word_1_100' title='bbox 1975 1502 2211 1569; x_wconf 86' lang='lat' dir='ltr'><strong>infide-</strong></span> 
     </span>
     <span class='ocr_line' id='line_1_15' title="bbox 139 1602 2205 1691; baseline -0.001 -20"><span class='ocrx_word' id='word_1_101' title='bbox 139 1604 326 1671; x_wconf 83' lang='lat' dir='ltr'><strong>litate</strong></span> <span class='ocrx_word' id='word_1_102' title='bbox 356 1606 648 1671; x_wconf 84' lang='lat' dir='ltr'><strong>.attritam</strong></span> <span class='ocrx_word' id='word_1_103' title='bbox 691 1625 760 1671; x_wconf 89' lang='lat' dir='ltr'><strong>se</strong></span> <span class='ocrx_word' id='word_1_104' title='bbox 801 1606 1287 1691; x_wconf 80' lang='lat' dir='ltr'><strong>lamentaverit,</strong></span> <span class='ocrx_word' id='word_1_105' title='bbox 1348 1611 1563 1673; x_wconf 83' lang='lat' dir='ltr'><strong>tamen</strong></span> <span class='ocrx_word' id='word_1_106' title='bbox 1601 1604 1962 1690; x_wconf 84' lang='lat' dir='ltr'><strong>triumphus</strong></span> <span class='ocrx_word' id='word_1_107' title='bbox 2002 1602 2205 1669; x_wconf 86' lang='lat' dir='ltr'><strong>Iusti-</strong></span> 
     </span>
     <span class='ocr_line' id='line_1_16' title="bbox 147 1703 2208 1793; baseline -0.001 -22"><span class='ocrx_word' id='word_1_108' title='bbox 147 1705 328 1774; x_wconf 82' lang='lat' dir='ltr'><strong>niani</strong></span> <span class='ocrx_word' id='word_1_109' title='bbox 370 1706 776 1793; x_wconf 85' lang='lat' dir='ltr'><strong>imperatoris</strong></span> <span class='ocrx_word' id='word_1_110' title='bbox 819 1725 860 1772; x_wconf 89' lang='lat' dir='ltr'><strong>a</strong></span> <span class='ocrx_word' id='word_1_111' title='bbox 902 1706 1022 1773; x_wconf 90' lang='lat' dir='ltr'><strong>deo</strong></span> <span class='ocrx_word' id='word_1_112' title='bbox 1067 1706 1192 1773; x_wconf 89' lang='lat' dir='ltr'><strong>sibi</strong></span> <span class='ocrx_word' id='word_1_113' title='bbox 1235 1706 1533 1785; x_wconf 75' lang='lat' dir='ltr'><strong>donatuS,</strong></span> <span class='ocrx_word' id='word_1_114' title='bbox 1575 1705 1749 1792; x_wconf 90' lang='lat' dir='ltr'><strong>quod</strong></span> <span class='ocrx_word' id='word_1_115' title='bbox 1774 1703 2208 1789; x_wconf 84' lang='lat' dir='ltr'><strong>inchoaverat,</strong></span> 
     </span>
     <span class='ocr_line' id='line_1_17' title="bbox 142 1803 2208 1893; baseline 0 -22"><span class='ocrx_word' id='word_1_116' title='bbox 142 1806 226 1871; x_wconf 83' lang='lat' dir='ltr'><strong>ad</strong></span> <span class='ocrx_word' id='word_1_117' title='bbox 267 1824 496 1892; x_wconf 88' lang='lat' dir='ltr'><strong>pacem</strong></span> <span class='ocrx_word' id='word_1_118' title='bbox 550 1824 753 1893; x_wconf 88' lang='lat' dir='ltr'><strong>usque</strong></span> <span class='ocrx_word' id='word_1_119' title='bbox 815 1804 1132 1891; x_wconf 87' lang='lat' dir='ltr'><strong>perduxit</strong></span> <span class='ocrx_word' id='word_1_120' title='bbox 1237 1805 1369 1874; x_wconf 87' lang='lat' dir='ltr'><strong>Sed</strong></span> <span class='ocrx_word' id='word_1_121' title='bbox 1418 1803 1607 1871; x_wconf 86' lang='lat' dir='ltr'><strong>nobis</strong></span> <span class='ocrx_word' id='word_1_122' title='bbox 1663 1804 1819 1893; x_wconf 81' lang='lat' dir='ltr'><strong>quid</strong></span> <span class='ocrx_word' id='word_1_123' title='bbox 1873 1824 2037 1891; x_wconf 87' lang='lat' dir='ltr'><strong>opus</strong></span> <span class='ocrx_word' id='word_1_124' title='bbox 2090 1810 2208 1890; x_wconf 87' lang='lat' dir='ltr'><strong>est,</strong></span> 
     </span>
     <span class='ocr_line' id='line_1_18' title="bbox 141 1904 2206 1992; baseline -0 -21"><span class='ocrx_word' id='word_1_125' title='bbox 141 1905 320 1971; x_wconf 86' lang='lat' dir='ltr'><strong>unde</strong></span> <span class='ocrx_word' id='word_1_126' title='bbox 366 1924 470 1971; x_wconf 86' lang='lat' dir='ltr'><strong>res</strong></span> <span class='ocrx_word' id='word_1_127' title='bbox 511 1924 643 1971; x_wconf 88' lang='lat' dir='ltr'><strong>non</strong></span> <span class='ocrx_word' id='word_1_128' title='bbox 686 1905 916 1989; x_wconf 84' lang='lat' dir='ltr'><strong>exigit,</strong></span> <span class='ocrx_word' id='word_1_129' title='bbox 961 1905 1216 1971; x_wconf 77' lang='lat' dir='ltr'><strong>dicere?</strong></span> <span class='ocrx_word' id='word_1_130' title='bbox 1259 1904 1369 1970; x_wconf 90' lang='lat' dir='ltr'><strong>Ad</strong></span> <span class='ocrx_word' id='word_1_131' title='bbox 1408 1904 1813 1992; x_wconf 81' lang='lat' dir='ltr'><strong>propositum</strong></span> <span class='ocrx_word' id='word_1_132' title='bbox 1853 1904 2206 1970; x_wconf 84' lang='lat' dir='ltr'><strong>redeamus.</strong></span> 
     </span>
     <span class='ocr_line' id='line_1_19' title="bbox 141 2002 2208 2091; baseline -0.001 -20"><span class='ocrx_word' id='word_1_133' title='bbox 141 2004 339 2071; x_wconf 82' lang='lat' dir='ltr'><strong>Valia</strong></span> <span class='ocrx_word' id='word_1_134' title='bbox 381 2004 718 2091; x_wconf 85' lang='lat' dir='ltr'><strong>siquidem,</strong></span> <span class='ocrx_word' id='word_1_135' title='bbox 759 2024 878 2071; x_wconf 82' lang='lat' dir='ltr'><strong>rex</strong></span> <span class='ocrx_word' id='word_1_136' title='bbox 920 2002 1305 2087; x_wconf 80' lang='lat' dir='ltr'><strong>Gothorum,</strong></span> <span class='ocrx_word' id='word_1_137' title='bbox 1346 2003 1507 2071; x_wconf 88' lang='lat' dir='ltr'><strong>adeo</strong></span> <span class='ocrx_word' id='word_1_138' title='bbox 1553 2024 1701 2070; x_wconf 88' lang='lat' dir='ltr'><strong>cum</strong></span> <span class='ocrx_word' id='word_1_139' title='bbox 1740 2005 1875 2071; x_wconf 85' lang='lat' dir='ltr'><strong>suis</strong></span> <span class='ocrx_word' id='word_1_140' title='bbox 1914 2005 1983 2069; x_wconf 91' lang='lat' dir='ltr'><strong>in</strong></span> <span class='ocrx_word' id='word_1_141' title='bbox 2024 2005 2208 2072; x_wconf 88' lang='lat' dir='ltr'><strong>Van-</strong></span> 
     </span>
    </p>
   </div>
   <div class='ocr_carea' id='block_1_3' title="bbox 139 2221 2210 2537">
    <p class='ocr_par' dir='ltr' id='par_1_3' title="bbox 139 2221 2210 2537">
     <span class='ocr_line' id='line_1_20' title="bbox 141 2221 2207 2291; baseline 0.001 -19"><span class='ocrx_word' id='word_1_142' title='bbox 141 2221 381 2273; x_wconf 62' lang='lat' dir='ltr'><strong>mouban</strong></span> <span class='ocrx_word' id='word_1_143' title='bbox 427 2223 643 2274; x_wconf 77' lang='lat' dir='ltr'><strong>verbum</strong></span> <span class='ocrx_word' id='word_1_144' title='bbox 696 2222 754 2273; x_wconf 84' lang='lat' dir='ltr'><strong>in</strong></span> <span class='ocrx_word' id='word_1_145' title='bbox 797 2235 898 2272; x_wconf 87' lang='lat' dir='ltr'><strong>usu</strong></span> <span class='ocrx_word' id='word_1_146' title='bbox 949 2226 1054 2273; x_wconf 69' lang='lat' dir='ltr'><strong>este</strong></span> <span class='ocrx_word' id='word_1_147' title='bbox 1105 2224 1182 2275; x_wconf 87' lang='lat' dir='ltr'><strong>sic</strong></span> <span class='ocrx_word' id='word_1_148' title='bbox 1211 2223 1403 2275; x_wconf 82' lang='lat' dir='ltr'><strong>Festus</strong></span> <span class='ocrx_word' id='word_1_149' title='bbox 1432 2224 1499 2278; x_wconf 84' lang='lat' dir='ltr'><strong>L.</strong></span> <span class='ocrx_word' id='word_1_150' title='bbox 1533 2224 1629 2275; x_wconf 79' lang='lat' dir='ltr'><strong>IV.</strong></span> <span class='ocrx_word' id='word_1_151' title='bbox 1665 2240 1719 2291; x_wconf 76' lang='lat' dir='ltr'><strong>p.</strong></span> <span class='ocrx_word' id='word_1_152' title='bbox 1758 2226 1871 2277; x_wconf 75' lang='lat'>124.</span> <span class='ocrx_word' id='word_1_153' title='bbox 1906 2224 1989 2279; x_wconf 82' lang='lat' dir='ltr'><strong>ed.</strong></span> <span class='ocrx_word' id='word_1_154' title='bbox 2022 2225 2207 2276; x_wconf 80' lang='lat' dir='ltr'><strong>Dacer.</strong></span> 
     </span>
     <span class='ocr_line' id='line_1_21' title="bbox 140 2303 2207 2372; baseline 0.001 -17"><span class='ocrx_word' id='word_1_155' title='bbox 140 2306 432 2355; x_wconf 70' lang='grc' dir='ltr'><strong>ίπωόαηίεε</strong></span> <span class='ocrx_word' id='word_1_156' title='bbox 465 2318 546 2355; x_wconf 69' lang='lat' dir='ltr'><strong>eos</strong></span> <span class='ocrx_word' id='word_1_157' title='bbox 579 2303 873 2372; x_wconf 81' lang='lat' dir='ltr'><strong>(dracones)</strong></span> <span class='ocrx_word' id='word_1_158' title='bbox 925 2306 1166 2356; x_wconf 64' lang='lat' dir='ltr'><strong>taceamus</strong></span> <span class='ocrx_word' id='word_1_159' title='bbox 1199 2308 1453 2357; x_wconf 67' lang='lat' dir='ltr'><strong>custodiae</strong></span> <span class='ocrx_word' id='word_1_160' title='bbox 1500 2322 1653 2357; x_wconf 75' lang='lat' dir='ltr'><strong>cama</strong></span> <span class='ocrx_word' id='word_1_161' title='bbox 1692 2310 1939 2371; x_wconf 68' lang='lat' dir='ltr'><strong>fimet-unt</strong></span> <span class='ocrx_word' id='word_1_162' title='bbox 1982 2311 2206 2371; x_wconf 88' lang='grc' dir='ltr'><strong>σπείρω,</strong></span> <span class='ocrx_word' id='word_1_163' title='bbox 2190 2324 2207 2339; x_wconf 95' lang='grc'><em>·</em></span> 
     </span>
     <span class='ocr_line' id='line_1_22' title="bbox 139 2386 2210 2455; baseline 0.003 -18"><span class='ocrx_word' id='word_1_164' title='bbox 139 2386 544 2452; x_wconf 75' lang='lat' dir='ltr'><strong>MartialisXII,</strong></span> <span class='ocrx_word' id='word_1_165' title='bbox 569 2389 653 2441; x_wconf 75' lang='lat'><strong>53.</strong></span> <span class='ocrx_word' id='word_1_166' title='bbox 689 2389 892 2438; x_wconf 67' lang='lat' dir='ltr'><strong>incubas</strong></span> <span class='ocrx_word' id='word_1_167' title='bbox 923 2402 1094 2453; x_wconf 65' lang='lat' dir='ltr'><strong>ansae,</strong></span> <span class='ocrx_word' id='word_1_168' title='bbox 1129 2394 1186 2439; x_wconf 78' lang='grc' dir='ltr'><strong>ω</strong></span> <span class='ocrx_word' id='word_1_169' title='bbox 1216 2404 1428 2453; x_wconf 64' lang='lat' dir='ltr'><strong>mamm</strong></span> <span class='ocrx_word' id='word_1_170' title='bbox 1450 2390 1629 2455; x_wconf 73' lang='lat' dir='ltr'><strong>draeo,</strong></span> <span class='ocrx_word' id='word_1_171' title='bbox 1660 2392 2210 2454; x_wconf 64' lang='lat' dir='ltr'><strong>mmmpoim</strong></span> 
     </span>
     <span class='ocr_line' id='line_1_23' title="bbox 143 2470 2209 2537; baseline 0.001 -16"><span class='ocrx_word' id='word_1_172' title='bbox 143 2473 409 2521; x_wconf 75' lang='grc' dir='ltr'><strong>Ουιίυᾶιπι</strong></span> <span class='ocrx_word' id='word_1_173' title='bbox 457 2473 659 2534; x_wconf 62' lang='lat' dir='ltr'><strong>seythia</strong></span> <span class='ocrx_word' id='word_1_174' title='bbox 705 2473 860 2533; x_wconf 57' lang='lat' dir='ltr'><strong>filine</strong></span> <span class='ocrx_word' id='word_1_175' title='bbox 909 2474 1026 2526; x_wconf 59' lang='lat' dir='ltr'><strong>lue&amp;</strong></span> <span class='ocrx_word' id='word_1_176' title='bbox 1085 2498 1150 2509; x_wconf 93' lang='lat'>-</span> <span class='ocrx_word' id='word_1_177' title='bbox 1217 2475 1528 2524; x_wconf 70' lang='lat' dir='ltr'><strong>eaeeomulem</strong></span> <span class='ocrx_word' id='word_1_178' title='bbox 1574 2471 1911 2535; x_wconf 50' lang='lat' dir='ltr'><strong>ordinaram)</strong></span> <span class='ocrx_word' id='word_1_179' title='bbox 1969 2470 2059 2523; x_wconf 80' lang='lat' dir='ltr'><strong>Sic</strong></span> <span class='ocrx_word' id='word_1_180' title='bbox 2112 2486 2209 2537; x_wconf 85' lang='lat' dir='ltr'><strong>pro</strong></span> 
     </span>
    </p>
   </div>
   <div class='ocr_carea' id='block_1_4' title="bbox 137 2553 2320 2704">
    <p class='ocr_par' dir='ltr' id='par_1_4' title="bbox 137 2553 2320 2704">
     <span class='ocr_line' id='line_1_24' title="bbox 137 2553 2320 2621; baseline 0.003 -18"><span class='ocrx_word' id='word_1_181' title='bbox 137 2553 288 2619; x_wconf 76' lang='lat' dir='ltr'><strong>vulg.</strong></span> <span class='ocrx_word' id='word_1_182' title='bbox 325 2558 376 2603; x_wconf 74' lang='lat' dir='ltr'><strong>et</strong></span> <span class='ocrx_word' id='word_1_183' title='bbox 408 2558 652 2604; x_wconf 79' lang='lat' dir='ltr'><strong>cumulem</strong></span> <span class='ocrx_word' id='word_1_184' title='bbox 682 2553 998 2604; x_wconf 72' lang='lat' dir='ltr'><strong>ordinarium</strong></span> <span class='ocrx_word' id='word_1_185' title='bbox 1027 2553 1158 2607; x_wconf 80' lang='lat' dir='ltr'><strong>Pall-</strong></span> <span class='ocrx_word' id='word_1_186' title='bbox 1195 2554 1373 2608; x_wconf 73' lang='lat' dir='ltr'><strong>Ambr-</strong></span> <span class='ocrx_word' id='word_1_187' title='bbox 1404 2554 1549 2619; x_wconf 83' lang='lat' dir='ltr'><strong>Epit.</strong></span> <span class='ocrx_word' id='word_1_188' title='bbox 1608 2582 1677 2596; x_wconf 83' lang='lat'><strong>--</strong></span> <span class='ocrx_word' id='word_1_189' title='bbox 1730 2559 1923 2619; x_wconf 67' lang='grc' dir='ltr'><strong>ίρπσυίε</strong></span> <span class='ocrx_word' id='word_1_190' title='bbox 1966 2554 2207 2621; x_wconf 58' lang='lat' dir='ltr'><strong>domme)</strong></span> <span class='ocrx_word' id='word_1_191' title='bbox 2317 2608 2320 2610; x_wconf 84' lang='lat'>.</span> 
     </span>
     <span class='ocr_line' id='line_1_25' title="bbox 139 2633 2297 2704; baseline 0.001 -18"><span class='ocrx_word' id='word_1_192' title='bbox 139 2635 302 2687; x_wconf 82' lang='lat' dir='ltr'><strong>Hane</strong></span> <span class='ocrx_word' id='word_1_193' title='bbox 331 2636 609 2689; x_wconf 75' lang='lat' dir='ltr'><strong>lectionem</strong></span> <span class='ocrx_word' id='word_1_194' title='bbox 639 2636 922 2688; x_wconf 80' lang='lat' dir='ltr'><strong>Rhenanus</strong></span> <span class='ocrx_word' id='word_1_195' title='bbox 955 2636 1100 2688; x_wconf 82' lang='lat' dir='ltr'><strong>dedit</strong></span> <span class='ocrx_word' id='word_1_196' title='bbox 1129 2652 1224 2703; x_wconf 83' lang='lat' dir='ltr'><strong>pro</strong></span> <span class='ocrx_word' id='word_1_197' title='bbox 1255 2633 1463 2701; x_wconf 70' lang='grc' dir='ltr'><strong>ίρπανία,</strong></span> <span class='ocrx_word' id='word_1_198' title='bbox 1500 2638 1637 2704; x_wconf 84' lang='lat' dir='ltr'><strong>quod</strong></span> <span class='ocrx_word' id='word_1_199' title='bbox 1670 2640 1729 2689; x_wconf 71' lang='lat' dir='ltr'><strong>ln</strong></span> <span class='ocrx_word' id='word_1_200' title='bbox 1760 2637 1843 2691; x_wconf 85' lang='lat' dir='ltr'><strong>ed.</strong></span> <span class='ocrx_word' id='word_1_201' title='bbox 1878 2653 1959 2703; x_wconf 83' lang='lat' dir='ltr'><strong>pr.</strong></span> <span class='ocrx_word' id='word_1_202' title='bbox 1992 2638 2204 2704; x_wconf 76' lang='lat' dir='ltr'><strong>legitur.</strong></span> <span class='ocrx_word' id='word_1_203' title='bbox 2292 2684 2297 2688; x_wconf 88' lang='lat'>.</span> 
     </span>
    </p>
   </div>
   <div class='ocr_carea' id='block_1_5' title="bbox 81 2718 2207 3370">
    <p class='ocr_par' dir='ltr' id='par_1_5' title="bbox 81 2718 2205 3370">
     <span class='ocr_line' id='line_1_26' title="bbox 81 2718 2205 2786; baseline 0.003 -18"><span class='ocrx_word' id='word_1_204' title='bbox 81 2734 89 2739; x_wconf 88' lang='grc'><em>·</em></span> <span class='ocrx_word' id='word_1_205' title='bbox 143 2744 210 2757; x_wconf 90' lang='lat'><em>-</em></span> <span class='ocrx_word' id='word_1_206' title='bbox 233 2720 442 2769; x_wconf 66' lang='lat' dir='ltr'><strong>dadone</strong></span> <span class='ocrx_word' id='word_1_207' title='bbox 461 2718 761 2786; x_wconf 63' lang='lat' dir='ltr'><strong>infidelibus)</strong></span> <span class='ocrx_word' id='word_1_208' title='bbox 794 2720 945 2771; x_wconf 85' lang='lat' dir='ltr'><strong>Haec</strong></span> <span class='ocrx_word' id='word_1_209' title='bbox 977 2734 1184 2786; x_wconf 82' lang='lat' dir='ltr'><strong>quoque</strong></span> <span class='ocrx_word' id='word_1_210' title='bbox 1213 2722 1373 2773; x_wconf 79' lang='lat' dir='ltr'><strong>lectio</strong></span> <span class='ocrx_word' id='word_1_211' title='bbox 1394 2722 1649 2774; x_wconf 80' lang='lat' dir='ltr'><strong>Rhenano</strong></span> <span class='ocrx_word' id='word_1_212' title='bbox 1682 2720 1929 2784; x_wconf 83' lang='lat' dir='ltr'><strong>debetur·</strong></span> <span class='ocrx_word' id='word_1_213' title='bbox 1963 2736 2087 2772; x_wconf 85' lang='lat' dir='ltr'><strong>nam</strong></span> <span class='ocrx_word' id='word_1_214' title='bbox 2118 2722 2205 2779; x_wconf 84' lang='lat' dir='ltr'><strong>ed.</strong></span> 
     </span>
     <span class='ocr_line' id='line_1_27' title="bbox 139 2800 2207 2873; baseline 0.003 -22"><span class='ocrx_word' id='word_1_215' title='bbox 139 2817 220 2867; x_wconf 83' lang='lat' dir='ltr'><strong>pr</strong></span> <span class='ocrx_word' id='word_1_216' title='bbox 253 2803 482 2864; x_wconf 65' lang='lat' dir='ltr'><strong>fidelibus</strong></span> <span class='ocrx_word' id='word_1_217' title='bbox 511 2808 880 2869; x_wconf 76' lang='lat' dir='ltr'><strong>repraesentat.</strong></span> <span class='ocrx_word' id='word_1_218' title='bbox 917 2826 984 2839; x_wconf 85' lang='lat'><strong>—-</strong></span> <span class='ocrx_word' id='word_1_219' title='bbox 1021 2818 1056 2852; x_wconf 81' lang='grc' dir='ltr'><strong>ο</strong></span> <span class='ocrx_word' id='word_1_220' title='bbox 1072 2808 1256 2855; x_wconf 62' lang='lat' dir='ltr'><strong>&#39;solerti</strong></span> <span class='ocrx_word' id='word_1_221' title='bbox 1285 2804 1509 2873; x_wconf 72' lang='lat' dir='ltr'><strong>domino)</strong></span> <span class='ocrx_word' id='word_1_222' title='bbox 1540 2800 1987 2871; x_wconf 73' lang='lat' dir='ltr'><strong>Praepositionem</strong></span> <span class='ocrx_word' id='word_1_223' title='bbox 2018 2806 2207 2873; x_wconf 60' lang='lat' dir='ltr'><strong>adieci,</strong></span> 
     </span>
     <span class='ocr_line' id='line_1_28' title="bbox 137 2874 2203 2955; baseline 0.003 -20"><span class='ocrx_word' id='word_1_224' title='bbox 137 2874 418 2936; x_wconf 71' lang='lat' dir='ltr'><strong>Gruterum</strong></span> <span class='ocrx_word' id='word_1_225' title='bbox 437 2890 753 2938; x_wconf 74' lang='lat' dir='ltr'><strong>secutus.—</strong></span> <span class='ocrx_word' id='word_1_226' title='bbox 777 2892 894 2937; x_wconf 63' lang='lat' dir='ltr'><strong>teme</strong></span> <span class='ocrx_word' id='word_1_227' title='bbox 925 2886 1186 2952; x_wconf 71' lang='lat' dir='ltr'><strong>revocata)</strong></span> <span class='ocrx_word' id='word_1_228' title='bbox 1219 2887 1397 2939; x_wconf 80' lang='lat' dir='ltr'><strong>Ambr.</strong></span> <span class='ocrx_word' id='word_1_229' title='bbox 1430 2904 1563 2940; x_wconf 77' lang='lat' dir='ltr'><strong>nune</strong></span> <span class='ocrx_word' id='word_1_230' title='bbox 1594 2896 1841 2955; x_wconf 76' lang='lat' dir='ltr'><strong>revocata,</strong></span> <span class='ocrx_word' id='word_1_231' title='bbox 1877 2904 2013 2955; x_wconf 78' lang='lat' dir='ltr'><strong>quae</strong></span> <span class='ocrx_word' id='word_1_232' title='bbox 2043 2890 2203 2942; x_wconf 80' lang='lat' dir='ltr'><strong>lectio</strong></span> 
     </span>
     <span class='ocr_line' id='line_1_29' title="bbox 136 2968 2205 3039; baseline 0.002 -21"><span class='ocrx_word' id='word_1_233' title='bbox 136 2968 226 3019; x_wconf 79' lang='lat' dir='ltr'><strong>vel</strong></span> <span class='ocrx_word' id='word_1_234' title='bbox 257 2972 470 3033; x_wconf 76' lang='lat' dir='ltr'><strong>propter</strong></span> <span class='ocrx_word' id='word_1_235' title='bbox 501 2968 797 3035; x_wconf 75' lang='lat' dir='ltr'><strong>oppositum</strong></span> <span class='ocrx_word' id='word_1_236' title='bbox 829 2971 1062 3035; x_wconf 68' lang='lat' dir='ltr'><strong>hodieque</strong></span> <span class='ocrx_word' id='word_1_237' title='bbox 1091 2970 1216 3022; x_wconf 79' lang='lat' dir='ltr'><strong>ferri</strong></span> <span class='ocrx_word' id='word_1_238' title='bbox 1245 2986 1354 3023; x_wconf 87' lang='lat' dir='ltr'><strong>non</strong></span> <span class='ocrx_word' id='word_1_239' title='bbox 1385 2976 1575 3037; x_wconf 85' lang='lat' dir='ltr'><strong>potest.</strong></span> <span class='ocrx_word' id='word_1_240' title='bbox 1631 2998 1695 3009; x_wconf 89' lang='lat'><strong>—-</strong></span> <span class='ocrx_word' id='word_1_241' title='bbox 1752 2988 1802 3022; x_wconf 75' lang='lat' dir='ltr'><strong>se</strong></span> <span class='ocrx_word' id='word_1_242' title='bbox 1834 2971 2205 3039; x_wconf 69' lang='lat' dir='ltr'><strong>lamentaverit)</strong></span> 
     </span>
     <span class='ocr_line' id='line_1_30' title="bbox 136 3050 2203 3121; baseline 0 -19"><span class='ocrx_word' id='word_1_243' title='bbox 136 3051 316 3103; x_wconf 77' lang='lat' dir='ltr'><strong>Ambr.</strong></span> <span class='ocrx_word' id='word_1_244' title='bbox 352 3064 452 3103; x_wconf 73' lang='lat' dir='ltr'><strong>eene</strong></span> <span class='ocrx_word' id='word_1_245' title='bbox 485 3056 764 3103; x_wconf 64' lang='lat' dir='ltr'><strong>lammam</strong></span> <span class='ocrx_word' id='word_1_246' title='bbox 793 3056 876 3104; x_wconf 74' lang='lat' dir='ltr'><strong>eit.</strong></span> <span class='ocrx_word' id='word_1_247' title='bbox 911 3080 980 3092; x_wconf 85' lang='lat'><strong>-·</strong></span> <span class='ocrx_word' id='word_1_248' title='bbox 1021 3056 1147 3117; x_wconf 75' lang='lat' dir='ltr'><strong>quod</strong></span> <span class='ocrx_word' id='word_1_249' title='bbox 1178 3053 1516 3121; x_wconf 69' lang='lat' dir='ltr'><strong>inchoaverat)</strong></span> <span class='ocrx_word' id='word_1_250' title='bbox 1560 3055 1735 3106; x_wconf 79' lang='lat' dir='ltr'><strong>Ambr.</strong></span> <span class='ocrx_word' id='word_1_251' title='bbox 1773 3070 1915 3119; x_wconf 72' lang='lat' dir='ltr'><strong>quem</strong></span> <span class='ocrx_word' id='word_1_252' title='bbox 1944 3050 2203 3109; x_wconf 68' lang='grc' dir='ltr'><strong>ίπθιοαυε-</strong></span> 
     </span>
     <span class='ocr_line' id='line_1_31' title="bbox 135 3136 2202 3203; baseline 0.001 -18"><span class='ocrx_word' id='word_1_253' title='bbox 135 3139 235 3185; x_wconf 69' lang='grc' dir='ltr'><strong>ταί.</strong></span> <span class='ocrx_word' id='word_1_254' title='bbox 290 3160 355 3171; x_wconf 93' lang='grc'><strong>-</strong></span> <span class='ocrx_word' id='word_1_255' title='bbox 397 3136 477 3185; x_wconf 72' lang='lat' dir='ltr'><strong>ad</strong></span> <span class='ocrx_word' id='word_1_256' title='bbox 501 3150 684 3199; x_wconf 74' lang='lat' dir='ltr'><strong>pacem</strong></span> <span class='ocrx_word' id='word_1_257' title='bbox 711 3138 880 3199; x_wconf 75' lang='lat' dir='ltr'><strong>mque)</strong></span> <span class='ocrx_word' id='word_1_258' title='bbox 926 3136 1132 3188; x_wconf 77' lang='lat' dir='ltr'><strong>Reduxi</strong></span> <span class='ocrx_word' id='word_1_259' title='bbox 1173 3136 1313 3188; x_wconf 81' lang='lat' dir='ltr'><strong>hanc</strong></span> <span class='ocrx_word' id='word_1_260' title='bbox 1350 3138 1630 3189; x_wconf 69' lang='lat' dir='ltr'><strong>leefionem</strong></span> <span class='ocrx_word' id='word_1_261' title='bbox 1670 3152 1737 3189; x_wconf 85' lang='lat' dir='ltr'><strong>ex</strong></span> <span class='ocrx_word' id='word_1_262' title='bbox 1767 3136 1852 3194; x_wconf 83' lang='lat' dir='ltr'><strong>ed.</strong></span> <span class='ocrx_word' id='word_1_263' title='bbox 1888 3152 1967 3203; x_wconf 83' lang='lat' dir='ltr'><strong>pr.</strong></span> <span class='ocrx_word' id='word_1_264' title='bbox 2004 3137 2202 3201; x_wconf 77' lang='lat' dir='ltr'><strong>astipu-</strong></span> 
     </span>
     <span class='ocr_line' id='line_1_32' title="bbox 135 3216 2199 3287; baseline 0 -18"><span class='ocrx_word' id='word_1_265' title='bbox 135 3216 370 3270; x_wconf 77' lang='lat' dir='ltr'><strong>lantibus</strong></span> <span class='ocrx_word' id='word_1_266' title='bbox 399 3219 534 3271; x_wconf 66' lang='lat' dir='ltr'><strong>Pau.</strong></span> <span class='ocrx_word' id='word_1_267' title='bbox 571 3219 748 3275; x_wconf 80' lang='lat' dir='ltr'><strong>Ambr.</strong></span> <span class='ocrx_word' id='word_1_268' title='bbox 783 3221 887 3287; x_wconf 58' lang='grc' dir='ltr'><strong>ΜΒ.</strong></span> <span class='ocrx_word' id='word_1_269' title='bbox 919 3222 1038 3273; x_wconf 75' lang='lat' dir='ltr'><strong>Par.</strong></span> <span class='ocrx_word' id='word_1_270' title='bbox 1073 3221 1219 3287; x_wconf 76' lang='lat' dir='ltr'><strong>Epit.</strong></span> <span class='ocrx_word' id='word_1_271' title='bbox 1301 3220 1455 3285; x_wconf 81' lang='lat' dir='ltr'><strong>Quod</strong></span> <span class='ocrx_word' id='word_1_272' title='bbox 1487 3220 1643 3286; x_wconf 81' lang='lat' dir='ltr'><strong>vulgo</strong></span> <span class='ocrx_word' id='word_1_273' title='bbox 1676 3220 1869 3287; x_wconf 72' lang='lat' dir='ltr'><strong>legitur</strong></span> <span class='ocrx_word' id='word_1_274' title='bbox 1916 3221 1985 3269; x_wconf 75' lang='lat' dir='ltr'><strong>ad</strong></span> <span class='ocrx_word' id='word_1_275' title='bbox 2015 3222 2199 3283; x_wconf 65' lang='lat' dir='ltr'><strong>finan,</strong></span> 
     </span>
     <span class='ocr_line' id='line_1_33' title="bbox 135 3298 2204 3370; baseline 0 -18"><span class='ocrx_word' id='word_1_276' title='bbox 135 3298 194 3351; x_wconf 83' lang='lat' dir='ltr'><strong>in</strong></span> <span class='ocrx_word' id='word_1_277' title='bbox 225 3306 378 3353; x_wconf 76' lang='lat' dir='ltr'><strong>textu</strong></span> <span class='ocrx_word' id='word_1_278' title='bbox 409 3302 620 3367; x_wconf 86' lang='lat' dir='ltr'><strong>quidem</strong></span> <span class='ocrx_word' id='word_1_279' title='bbox 653 3300 914 3368; x_wconf 77' lang='lat' dir='ltr'><strong>comparet</strong></span> <span class='ocrx_word' id='word_1_280' title='bbox 947 3304 1028 3355; x_wconf 86' lang='lat' dir='ltr'><strong>ed.</strong></span> <span class='ocrx_word' id='word_1_281' title='bbox 1061 3320 1144 3370; x_wconf 81' lang='lat' dir='ltr'><strong>pr.</strong></span> <span class='ocrx_word' id='word_1_282' title='bbox 1178 3304 1272 3357; x_wconf 82' lang='lat' dir='ltr'><strong>sed</strong></span> <span class='ocrx_word' id='word_1_283' title='bbox 1305 3306 1373 3354; x_wconf 81' lang='lat' dir='ltr'><strong>ad</strong></span> <span class='ocrx_word' id='word_1_284' title='bbox 1400 3317 1581 3367; x_wconf 77' lang='lat' dir='ltr'><strong>pacem</strong></span> <span class='ocrx_word' id='word_1_285' title='bbox 1610 3302 1889 3370; x_wconf 81' lang='lat' dir='ltr'><strong>legendum</strong></span> <span class='ocrx_word' id='word_1_286' title='bbox 1922 3316 2035 3354; x_wconf 81' lang='lat' dir='ltr'><strong>esse</strong></span> <span class='ocrx_word' id='word_1_287' title='bbox 2048 3339 2061 3366; x_wconf 94' lang='lat'><strong>,</strong></span> <span class='ocrx_word' id='word_1_288' title='bbox 2096 3314 2204 3353; x_wconf 79' lang='lat' dir='ltr'><strong>mo·</strong></span> 
     </span>
    </p>
   </div>
   <div class='ocr_carea' id='block_1_6' title="bbox 51 3384 2281 3452">
    <p class='ocr_par' dir='ltr' id='par_1_6' title="bbox 51 3384 2281 3452">
     <span class='ocr_line' id='line_1_34' title="bbox 51 3384 2281 3452; baseline 0.002 -18"><span class='ocrx_word' id='word_1_289' title='bbox 51 3426 60 3434; x_wconf 74' lang='grc'>,</span> <span class='ocrx_word' id='word_1_290' title='bbox 134 3384 306 3435; x_wconf 75' lang='lat' dir='ltr'><strong>nitum</strong></span> <span class='ocrx_word' id='word_1_291' title='bbox 323 3385 474 3435; x_wconf 83' lang='lat' dir='ltr'><strong>estin</strong></span> <span class='ocrx_word' id='word_1_292' title='bbox 487 3385 662 3437; x_wconf 79' lang='lat' dir='ltr'><strong>indice</strong></span> <span class='ocrx_word' id='word_1_293' title='bbox 678 3391 976 3442; x_wconf 76' lang='lat' dir='ltr'><strong>erratorum.</strong></span> <span class='ocrx_word' id='word_1_294' title='bbox 1026 3387 1182 3451; x_wconf 75' lang='lat' dir='ltr'><strong>Quod</strong></span> <span class='ocrx_word' id='word_1_295' title='bbox 1215 3402 1375 3452; x_wconf 84' lang='lat' dir='ltr'><strong>quum</strong></span> <span class='ocrx_word' id='word_1_296' title='bbox 1406 3400 1514 3439; x_wconf 82' lang='lat' dir='ltr'><strong>nou</strong></span> <span class='ocrx_word' id='word_1_297' title='bbox 1536 3385 1984 3438; x_wconf 73' lang='lat' dir='ltr'><strong>animadvertisset</strong></span> <span class='ocrx_word' id='word_1_298' title='bbox 1998 3385 2205 3438; x_wconf 81' lang='lat' dir='ltr'><strong>Rhena-</strong></span> <span class='ocrx_word' id='word_1_299' title='bbox 2278 3443 2281 3446; x_wconf 62' lang='grc'><strong>,</strong></span> 
     </span>
    </p>
   </div>
   <div class='ocr_carea' id='block_1_7' title="bbox 133 3467 2205 3699">
    <p class='ocr_par' dir='ltr' id='par_1_7' title="bbox 133 3467 2205 3699">
     <span class='ocr_line' id='line_1_35' title="bbox 135 3467 2201 3536; baseline 0 -17"><span class='ocrx_word' id='word_1_300' title='bbox 135 3482 254 3533; x_wconf 85' lang='lat' dir='ltr'><strong>nus,</strong></span> <span class='ocrx_word' id='word_1_301' title='bbox 288 3467 567 3520; x_wconf 64' lang='lat' dir='ltr'><strong>lectionem</strong></span> <span class='ocrx_word' id='word_1_302' title='bbox 599 3468 746 3519; x_wconf 74' lang='lat' dir='ltr'><strong>illam</strong></span> <span class='ocrx_word' id='word_1_303' title='bbox 775 3470 838 3519; x_wconf 83' lang='lat' dir='ltr'><strong>in·</strong></span> <span class='ocrx_word' id='word_1_304' title='bbox 867 3482 964 3521; x_wconf 77' lang='lat' dir='ltr'><strong>sua</strong></span> <span class='ocrx_word' id='word_1_305' title='bbox 993 3471 1226 3535; x_wconf 78' lang='lat' dir='ltr'><strong>retinuit,</strong></span> <span class='ocrx_word' id='word_1_306' title='bbox 1261 3485 1329 3523; x_wconf 85' lang='lat' dir='ltr'><strong>ex</strong></span> <span class='ocrx_word' id='word_1_307' title='bbox 1361 3482 1463 3536; x_wconf 76' lang='lat' dir='ltr'><strong>qua</strong></span> <span class='ocrx_word' id='word_1_308' title='bbox 1482 3470 1541 3521; x_wconf 84' lang='lat' dir='ltr'><strong>in</strong></span> <span class='ocrx_word' id='word_1_309' title='bbox 1560 3469 1871 3536; x_wconf 81' lang='lat' dir='ltr'><strong>posteriores</strong></span> <span class='ocrx_word' id='word_1_310' title='bbox 1892 3468 2003 3519; x_wconf 81' lang='lat' dir='ltr'><strong>fere</strong></span> <span class='ocrx_word' id='word_1_311' title='bbox 2026 3484 2201 3521; x_wconf 80' lang='lat' dir='ltr'><strong>omnes</strong></span> 
     </span>
     <span class='ocr_line' id='line_1_36' title="bbox 134 3550 2205 3619; baseline 0.002 -19"><span class='ocrx_word' id='word_1_312' title='bbox 134 3553 427 3616; x_wconf 73' lang='lat' dir='ltr'><strong>propagata</strong></span> <span class='ocrx_word' id='word_1_313' title='bbox 459 3554 555 3604; x_wconf 71' lang='lat' dir='ltr'><strong>ost.</strong></span> <span class='ocrx_word' id='word_1_314' title='bbox 589 3576 656 3591; x_wconf 87' lang='lat'><strong>--</strong></span> <span class='ocrx_word' id='word_1_315' title='bbox 693 3550 864 3619; x_wconf 73' lang='lat' dir='ltr'><strong>Vale‘a)</strong></span> <span class='ocrx_word' id='word_1_316' title='bbox 897 3552 1112 3603; x_wconf 76' lang='lat' dir='ltr'><strong>Habent</strong></span> <span class='ocrx_word' id='word_1_317' title='bbox 1143 3552 1264 3603; x_wconf 79' lang='lat' dir='ltr'><strong>heio</strong></span> <span class='ocrx_word' id='word_1_318' title='bbox 1294 3552 1429 3607; x_wconf 79' lang='lat' dir='ltr'><strong>Pan.</strong></span> <span class='ocrx_word' id='word_1_319' title='bbox 1470 3554 1655 3618; x_wconf 73' lang='lat' dir='ltr'><strong>Vallia,</strong></span> <span class='ocrx_word' id='word_1_320' title='bbox 1690 3566 1807 3603; x_wconf 83' lang='lat' dir='ltr'><strong>cum</strong></span> <span class='ocrx_word' id='word_1_321' title='bbox 1839 3556 2014 3603; x_wconf 72' lang='lat' dir='ltr'><strong>tamen</strong></span> <span class='ocrx_word' id='word_1_322' title='bbox 2046 3565 2205 3619; x_wconf 78' lang='lat' dir='ltr'><strong>supra</strong></span> 
     </span>
     <span class='ocr_line' id='line_1_37' title="bbox 133 3634 2203 3699; baseline 0.003 -14"><span class='ocrx_word' id='word_1_323' title='bbox 133 3638 616 3699; x_wconf 74' lang='lat' dir='ltr'><strong>repraesentassent</strong></span> <span class='ocrx_word' id='word_1_324' title='bbox 657 3635 813 3689; x_wconf 76' lang='lat' dir='ltr'><strong>unica</strong></span> <span class='ocrx_word' id='word_1_325' title='bbox 855 3636 1036 3699; x_wconf 77' lang='lat' dir='ltr'><strong>litera3</strong></span> <span class='ocrx_word' id='word_1_326' title='bbox 1086 3636 1244 3688; x_wconf 83' lang='lat' dir='ltr'><strong>immo</strong></span> <span class='ocrx_word' id='word_1_327' title='bbox 1279 3636 1438 3687; x_wconf 83' lang='lat' dir='ltr'><strong>etiam</strong></span> <span class='ocrx_word' id='word_1_328' title='bbox 1470 3636 1603 3688; x_wconf 77' lang='lat' dir='ltr'><strong>alibi</strong></span> <span class='ocrx_word' id='word_1_329' title='bbox 1640 3638 1847 3690; x_wconf 71' lang='lat' dir='ltr'><strong>Vatum.</strong></span> <span class='ocrx_word' id='word_1_330' title='bbox 1886 3634 2101 3691; x_wconf 76' lang='lat' dir='ltr'><strong>GRU&#39;r.</strong></span> <span class='ocrx_word' id='word_1_331' title='bbox 2136 3664 2203 3677; x_wconf 88' lang='lat'><em>-</em></span> 
     </span>
    </p>
   </div>
  </div>
 </body>
</html>
