2567 4084
1164 142 1249 206 65

167 324 362 389 Tunc
391 323 778 391 Maximinus
807 321 1084 388 sedecim
1127 321 1293 387 lixas
1318 326 1516 387 -tanta
1546 320 1846 389 felicitate
1872 326 2241 411 prostravit,

167 428 246 488 ut
293 421 607 489 vincendo
653 421 937 505 singulos
981 420 1223 487 nullam
1276 421 1400 487 sibi
1443 422 1727 508 requiem
1768 424 2244 509 intercapedine

169 525 534 607 temporum
583 521 779 586 daret.
860 521 986 585 Hic
1029 522 1232 608 captis
1275 522 1575 607 praemiis
1588 519 1829 588 ‘iussus
1872 527 1969 589 est
2009 524 2079 587 in
2120 524 2244 589 mi-

173 620 376 685 litiam
407 621 589 703 mitti,
629 612 964 707 primaque
989 621 1048 685 ei
1074 620 1394 719 stipendia
1422 621 1740 707 equestria
1765 623 1959 686 fuere.
2026 621 2245 687 Tertia

171 727 328 805 post
369 720 526 815 haec
570 720 693 797 die..
739 738 882 783 cum
909 720 1260 804 imperator
1287 721 1573 807 prodiret
1614 720 1680 784 in
1714 740 2031 807 campum,
2078 721 2243 787 vidit

176 838 324 884 eum
369 820 789 885 exsultantem
831 838 1008 884 more
1049 819 1416 904 bathal-icc,
1456 820 1778 907 jussitque
1819 820 2116 903 tribuno,
2174 824 2245 885 ut

171 937 325 983 eum
367 921 708 986 coercitum
753 918 837 983 ad
879 913 1235 984 Romanam
1275 917 1591 985 imbueret
1636 919 2058 1005 disciplinam.
2123 919 2243 985 Ille

174 1038 370 1102 vero,
427 1020 540 1085 ubi
585 1019 665 1083 dc
709 1038 777 1083 se
819 1018 1132 1085 intellexit
1174 1020 1529 1105 principem
1571 1020 1787 1105 loqui,
1850 1021 2117 1084 accessit
2158 1018 2242 1084 ad

175 1136 346 1199 eum,
391 1121 906 1205 equitantemque
949 1120 1196 1203 praeire
1225 1119 1501 1204 pedibus
1530 1120 1762 1205 coepit.
1829 1119 1995 1183 Tum
2038 1118 2244 1203 impe-

175 1224 352 1281 rator
387 1238 554 1303 equo
591 1218 818 1283 adacto
855 1219 922 1283 in
961 1237 1213 1282 cursum
1251 1218 1607 1283 calcaribus
1643 1220 1976 1283 incitatum
2010 1216 2243 1283 multos

173 1316 371 1381 orbes
414 1318 540 1381 huc
569 1324 762 1404 atque
807 1318 957 1381 illuc
984 1336 1186 1405 usque
1231 1317 1313 1382 ad
1348 1337 1531 1382 suam
1564 1316 2080 1399 defatigationem
2125 1338 2243 1383 va·-

173 1416 288 1481 riis
334 1417 687 1481 deflexibus
717 1416 1052 1503 impedivit
1096 1434 1170 1481 ac
1215 1418 1445 1482 deinde
1488 1418 1576 1482 ait
1620 1418 1740 1482 illi:
1784 1418 2098 1505 numquid
2146 1419 2243 1484 vis
2282 1426 2296 1431 “

173 1640 337 1705 vulgo
373 1656 594 1704 coa-pereo
629 1657 782 1701 nemu,
827 1641 966 1706 quod
1011 1647 1064 1692 et
1095 1642 1236 1707 Epit.
1273 1642 1498 1693 exhibet.
1533 1670 1601 1681 ·-—
1653 1643 1887 1708 sedecim)
1929 1642 2028 1693 Ed.
2067 1642 2243 1698 Garet.

174 1725 414 1772 sexdecim
453 1751 514 1760 —
545 1724 802 1789 felicitate)
841 1724 980 1786 Quid
1015 1725 1059 1775 si
1093 1725 1236 1790 legas
1255 1727 1536 1788 facilitate?
1591 1726 1909 1778 commutari
1930 1742 2087 1791 saepe
2106 1730 2245 1777 inter

174 1822 234 1855 se
269 1809 322 1855 in
357 1808 502 1857 libris
539 1814 806 1871 utramque
839 1824 1036 1872 vocem,
1073 1808 1333 1859 docebunt
1368 1810 1569 1859 Duker.
1605 1808 1674 1859 ad
1706 1810 1843 1860 Flor.
1869 1809 1941 1873 H,
1972 1812 2020 1873 6,
2049 1812 2131 1861 38.
2167 1810 2238 1869 id.

173 1889 248 1939 ad
283 1890 399 1942 Liv.
435 1891 625 1955 XXXI,
662 1893 744 1955 26,
782 1891 830 1940 7.
888 1891 1153 1941 Drakenb.
1190 1892 1258 1940 ad
1294 1891 1448 1941 eund.
1486 1890 1633 1955 XIII,
1672 1894 1752 1955 11,
1787 1892 1837 1941 2.
1896 1891 2141 1941 Arntzen.
2175 1893 2243 1942 ad

177 1972 360 2022 Pacat.
396 1974 648 2039 Panegyr.
687 1977 777 2038 21,
823 1977 871 2023 2.
917 2002 984 2013 --
1048 1978 1144 2025 Hic
1179 1980 1338 2038 captis
1368 1976 1627 2041 praemiis)
1670 1976 1851 2025 Malim
1896 1978 2009 2025 hinc
2049 1976 2241 2041 legere,

175 2071 282 2119 quo
325 2056 468 2105 ducit
512 2059 669 2105 etiam
702 2057 858 2107 lectio
892 2058 1034 2121 Epit.
1069 2075 1216 2121 quam
1253 2061 1312 2109 ob
1346 2076 1465 2109 rem.
1502 2086 1571 2098 —-
1620 2050 1783 2109 Tei-tia
1822 2064 1939 2122 post
1977 2062 2093 2107 haec
2140 2056 2240 2124 die)

176 2138 263 2187 Ita
295 2139 428 2191 Pau.
469 2142 687 2188 Tertiam
714 2146 832 2202 post
864 2143 995 2189 diem
1041 2144 1216 2207 vulgo.
1251 2168 1321 2180 —
1378 2145 1623 2207 prodiret)
1668 2142 1752 2191 Ita
1781 2141 1913 2195 Pau.
1949 2141 2124 2193 Ambr.
2160 2140 2240 2190 ed.

175 2222 295 2272 Par.
328 2224 585 2283 prodierat
618 2224 790 2288 vulgo.
827 2252 896 2261 -
937 2242 1052 2287 equo
1085 2228 1262 2275 adacto
1298 2229 1355 2275 in
1386 2242 1583 2275 curnam
1618 2223 1737 2291 cet.)
1783 2224 1933 2273 Haec
1978 2228 2056 2273 est
2088 2223 2243 2273 lectio

178 2306 412 2370 vulgata,
450 2322 602 2369 quam
627 2306 947 2356 retinendam
980 2308 1120 2371 duxi,
1157 2310 1358 2359 etiamsi
1394 2324 1498 2359 non
1534 2308 1803 2360 satisfacit.
1874 2308 2047 2356 Minus
2072 2310 2248 2355 tamen

179 2390 435 2439 satisfacit
478 2392 732 2453 scriptura
773 2391 904 2439 Pau.
956 2398 1007 2441 et
1040 2392 1181 2457 Epit.
1225 2405 1341 2455 equo
1389 2394 1459 2441 ad
1498 2396 1685 2441 lentum
1730 2405 1926 2439 cursum
1976 2390 2246 2439 calcaribus

173 2477 392 2523 incitato·
423 2480 476 2522 et
509 2488 640 2537 quae
672 2473 810 2523 idem
846 2476 1128 2538 exprimere
1163 2476 1389 2526 voluisse
1424 2474 1629 2524 videtur
1659 2474 1831 2521 Ambr.
1870 2488 1983 2543 equo
2005 2473 2247 2521 ablentem

171 2572 378 2605 cursum
397 2562 515 2605 calc.
535 2561 756 2607 incitato·
791 2558 1002 2607 Etenim
1023 2560 1066 2608 si
1089 2560 1384 2623 imperator,
1409 2564 1468 2608 ut
1490 2561 1665 2606 narrat
1682 2554 2004 2619 Capitolinus
2021 2554 2057 2603 1.
2076 2555 2109 2602 l.
2130 2568 2174 2602 c.
2194 2556 2245 2608 3.

175 2643 434 2700 explorare
455 2640 678 2704 volebat,
703 2648 912 2702 quantus
938 2645 992 2689 in
1015 2643 1248 2707 currendo
1273 2647 1394 2691 esset
1412 2640 1742 2702 Maximinus,
1767 2640 1964 2688 lentum
1989 2652 2100 2687 esse
2124 2637 2248 2700 equi

175 2736 386 2770 cursum
419 2724 628 2771 minime
662 2724 882 2773 licebat:
917 2724 986 2773 ad
1019 2716 1224 2774 lentum'
1248 2724 1461 2787 insuper
1494 2737 1700 2772 cursum
1723 2722 1997 2770 calcaribus
2030 2736 2136 2769 non
2170 2723 2250 2769 est

177 2819 312 2869 opus
346 2820 516 2869 neque
551 2809 787 2871 congruit
829 2810 908 2857 rei
949 2812 1157 2857 incitate
1201 2809 1434 2859 verbum.
1505 2806 1680 2869 Quare
1696 2803 1854 2870 ⁸quod
1888 2804 2160 2853 coniicitur
2190 2804 2249 2852 in

179 2887 262 2939 ed.
297 2888 486 2937 Mutat.
523 2890 835 2940 vocabulum
868 2894 1140 2941 violentum
1171 2892 1383 2941 minime
1416 2890 1716 2954 respuerim,
1761 2902 1919 2952 quum
1953 2902 2122 2951 neque
2156 2901 2247 2936 au-

179 2970 359 3019 dacior
392 2971 460 3019 sit
493 2974 786 3022 coniectura
821 2988 916 3022 nec
949 2989 982 3022 a
1016 2988 1073 3023 re
1105 2975 1222 3038 ipsa
1253 2974 1545 3023 abhorreat.
1602 2972 1841 3023 Ceterum
1874 2970 2031 3019 lectio
2064 2970 2245 3018 adacto

179 3053 405 3117 primum
438 3070 471 3103 a
504 3054 760 3105 Vulcania
797 3072 824 3105 e
859 3058 963 3122 Mg.
1000 3058 1116 3106 Par.
1152 3057 1252 3105 vel.
1291 3055 1507 3105 Leuncl.
1555 3056 1612 3103 in
1658 3058 1855 3103 textum
1900 3058 1978 3103 est
2009 3056 2244 3113 recepta3

179 3137 378 3199 priores
413 3138 549 3186 enim
584 3138 698 3189 edd.
733 3142 922 3189 adiecto
957 3146 1150 3190 tenent.
1186 3166 1241 3177 -—
1265 3142 1446 3188 multos
1482 3135 1639 3202 orbes)
1674 3136 1851 3185 Ambr.
1876 3140 2061 3185 multae
2086 3134 2245 3196 urbes,

184 3219 392 3268 solenni
423 3235 608 3270 vocum
640 3223 756 3271 urbs
802 3228 854 3271 et
888 3224 1016 3271 orbis
1057 3229 1110 3273 et
1141 3223 1282 3287 apud
1315 3227 1547 3272 nostrum
1579 3220 1985 3285 permutatione3
2030 3234 2078 3267 v.
2113 3216 2250 3264 infra

174 3317 298 3367 opp.
337 3304 418 3351 33.
455 3310 508 3352 et
540 3306 621 3353 49.
659 3332 726 3343 —-
769 3308 838 3354 ad
869 3321 1014 3355 suam
1049 3302 1475 3369 defatiyationem)
1522 3302 1609 3353 Sic
1643 3302 1775 3352 Pall.
1823 3301 2029 3350 mallem
2073 3303 2249 3347 tamen

177 3389 262 3433 eui
304 3401 400 3449 pro
433 3403 602 3449 suam3
655 3404 703 3437 v.
741 3391 810 3438 ad
843 3405 988 3439 suam
1017 3391 1380 3453 fatiyationem.
1416 3414 1485 3425 —-
1530 3382 1807 3451 deflentibus)
1844 3383 1930 3433 Sic
1961 3381 2093 3430 Pall.
2130 3395 2248 3432 cum

109 3532 118 3543 Ι
177 3468 322 3531 Epit.
361 3472 614 3533 inflexibm
648 3473 816 3536 vulgo.
861 3499 930 3509 -—
973 3474 1255 3535 impedivit)
1306 3471 1394 3521 Sic
1438 3469 1571 3518 Pan.
1620 3468 1792 3517 Ambr.
1843 3466 1951 3529 Mg.
1985 3466 2100 3514 Par.
2146 3464 2248 3513 Pro

177 3553 322 3617 vulg.
359 3556 684 3615 interpedavit
707 3554 987 3605 Salmasius
1020 3555 1088 3604 ad
1121 3555 1290 3617 Capit.
1316 3553 1412 3603 1.1.
1446 3554 1769 3615 intripedavit
1798 3550 2043 3614 proponit
2074 3549 2253 3612 legen·

175 3634 306 3685 dum
319 3673 334 3700 ,
382 3652 538 3700 quam
571 3654 750 3689 vocem
782 3638 1148 3704 francogallice
1179 3637 1408 3701 explicat
1438 3636 1611 3689 verbis
1649 3638 1821 3683 mettre
1854 3646 1946 3682 aon
1978 3632 2149 3681 cheval
2180 3644 2253 3679 αα

1027 3715 1041 3722 -
1814 3718 1847 3767 5
2320 3748 2329 3779 >
