2567 4084
1316 138 1399 203 98

325 314 484 381 alias
527 314 621 381 illi
663 314 1044 383 famulatum
1089 316 1458 402 exhibebat,
1506 318 1619 384 tali
1662 338 1807 392 eum
1852 322 2240 389 nanciscitur
2284 346 2408 393 oc·-

327 416 580 481 casione
621 415 928 503 decipere.
1015 417 1190 481 Dum
1219 417 1385 482 enim
1416 419 1735 503 quandam
1763 420 2113 506 mulierem,
2161 423 2403 492 Suaui-

325 513 568 579 hildam
611 515 866 581 nomine
890 562 909 599 ,
975 535 1056 581 ex
1097 522 1285 600 gente
1330 524 1677 583 memorata
1719 540 1836 605 pro
1880 522 2089 587 mariti
2131 524 2405 591 fraudu-

323 613 498 679 lento
545 614 830 680 discessu
871 634 987 679 rex
1030 614 1239 679 furore
1283 622 1637 683 commotus
1682 619 1861 704 equis
1904 620 2221 687 ferocibus
2264 624 2404 688 illi-

323 720 538 797 gatam
590 713 995 799 incitatisque
1051 713 1343 778 cursibus
1396 734 1512 799 per
1570 718 1824 783 diversa
1867 720 2085 787 divelli
2129 742 2403 807 praece-

326 815 544 899 pisset,
587 812 812 877 fratres
854 813 1011 895 eiuS,
1058 812 1254 877 Sarus
1299 819 1362 877 et
1404 816 1716 898 Ammius,
1762 838 2099 900 germanae
2146 822 2400 887 obitum

325 912 743 996 vindicanteS,
788 913 1226 979 Hermanarici
1269 912 1437 977 latus
1480 912 1644 979 ferro
1689 918 2040 1000 petierunt3
2084 941 2209 1005 quo
2247 922 2401 987 vul-

325 1031 474 1078 nere
517 1012 804 1093 sauciae,
859 1031 1110 1094 aegram
1169 1012 1369 1075 vitam
1422 1015 1704 1097 corporis
1759 1015 2193 1083 imbecillitate
2238 1039 2393 1085 con·

325 1110 536 1175 traxit.
626 1111 832 1195 Quam
887 1112 1223 1175 adversam
1279 1112 1415 1177 eius
1470 1112 1901 1179 valetudinem
1956 1122 2221 1201 captans
2265 1120 2401 1187 Ba·-

323 1210 590 1294 lamber,
631 1232 744 1276 rex
771 1213 1172 1294 Hunnorum,
1214 1211 1280 1275 in
1327 1211 1857 1294 ostrogotharum
1900 1221 2146 1299 partem
2190 1221 2399 1285 movit

781 1350 865 1357 —-—
880 1350 995 1355 —-—

1416 1350 1660 1357 ---—..-.---
1683 1352 1791 1359 --..--
1813 1353 1918 1359 φ-..
2018 1354 2391 1362 -—---—-—--———-—

323 1413 643 1463 Leunclavio
681 1418 733 1463 et
767 1412 962 1463 editore
983 1412 1280 1462 Parisiensi.
1350 1412 1515 1463 Iidem
1550 1428 1706 1477 quum
1740 1413 1795 1463 in
1817 1416 1924 1479 Mg.
1953 1416 2237 1467 editionum
2270 1434 2391 1469 sua-

322 1513 434 1547 rum
466 1497 829 1544 Roxolanorum
865 1498 1220 1561 ascripsissent
1239 1532 1252 1557 ,
1291 1495 1382 1543 sed
1408 1510 1436 1544 e
1471 1497 1795 1560 coniectura,
1835 1513 1867 1546 a
1900 1498 2155 1548 Vulcanio
2187 1503 2245 1550 in
2286 1507 2401 1551 tex-

323 1586 433 1630 tum
467 1580 690 1629 admissa
721 1584 798 1629 est
830 1580 960 1631 haec
991 1579 1174 1643 lectio,
1207 1580 1432 1643 indeque
1464 1580 1531 1629 in*
1553 1596 1727 1631 omnes
1762 1584 2019 1633 insecutas
2060 1584 2175 1633 edd.
2214 1602 2403 1649 propa-

324 1670 473 1729 gata;
528 1678 682 1727 quam
713 1668 887 1712 tamen
919 1663 975 1710 in
1007 1668 1183 1712 nostra
1217 1664 1439 1713 retinere
1472 1680 1577 1713 non
1611 1665 1828 1728 placuit,
1867 1667 2126 1729 scriptura
2158 1669 2401 1718 Rosomo-

321 1760 502 1797 norum
534 1746 621 1795 vel
655 1759 717 1794 ea
749 1751 888 1795 certe
907 1780 920 1807 ‚
957 1760 1089 1809 quae
1123 1745 1190 1793 ad
1223 1746 1359 1795 hanc
1394 1746 1633 1810 duceret,
1688 1754 1767 1799 tot
1798 1749 2044 1799 librorum
2080 1752 2398 1803 auctoritate

323 1830 539 1881 firmata.
585 1830 783 1892 Neque,
817 1842 884 1879 ne
918 1828 1034 1878 loco
1068 1844 1327 1879 moverem
1359 1831 1633 1881 lectionem
1666 1832 1947 1896 vulgatam,
1981 1830 2037 1879 id
2068 1837 2275 1896 poterat
2307 1848 2393 1884 me

319 1913 591 1977 inducere,
628 1912 764 1977 quod
796 1914 1161 1961 Roxolanorum
1195 1913 1376 1962 crebra
1410 1914 1533 1963 satis
1568 1913 1706 1975 apud
1741 1918 1939 1965 veteres
1972 1915 2163 1964 mentio
2184 1952 2199 1977 ,
2235 1918 2391 1965 Roso-

269 2054 277 2059 ,
323 2004 462 2049 moni
502 2013 624 2048 vero
670 1994 852 2047 iisdem
895 1996 1052 2058 plane
1093 1996 1412 2061 ignorantur.
1501 1998 1631 2047 Nam
1668 2011 1761 2059 ego
1798 1996 2003 2059 quidem
2039 2013 2143 2047 non
2174 1999 2222 2047 is
2258 2014 2391 2063 sum,

323 2084 412 2148 qui
447 2081 662 2147 quodvis
695 2092 884 2128 nomen
915 2079 1084 2142 gentis
1117 2079 1335 2128 alicuius
1368 2080 1613 2142 populive
1647 2080 1920 2128 obscurum
1956 2082 2007 2127 et
2045 2080 2385 2143 incognitum,

323 2167 446 2229 quia
468 2164 624 2213 semel
645 2167 847 2211 tantum
863 2163 1115 2211 iterumve
1133 2161 1273 2226 apud
1293 2166 1492 2212 veteres
1510 2164 1715 2211 obvium
1730 2163 1811 2226 sit,
1830 2162 1885 2210 in
1902 2166 2079 2211 notum
2095 2163 2390 2227 vulgatum-

325 2263 427 2313 que
459 2250 710 2296 mutatum
742 2245 912 2295 velim.
961 2244 1199 2295 Ceterum
1231 2245 1374 2295 haud
1406 2247 1529 2309 scio,
1566 2262 1634 2296 an
1666 2247 1721 2295 in
1756 2247 2145 2295 Rosomonorum
2176 2245 2390 2294 nomine

321 2333 487 2397 prima
519 2330 718 2379 lateant
749 2328 972 2393 vestigia
1004 2328 1114 2377 eius
1149 2328 1317 2393 gentis
1350 2329 1594 2391 nominis,
1632 2342 1766 2390 quae
1801 2318 1856 2377 ὁι
1879 2316 1975 2380 ‘Pa3
1978 2344 2007 2383 ς
2040 2329 2157 2378 sive
2182 2320 2322 2384 ‘Pois-
2356 2344 2403 2378 a»

321 2413 655 2478 scriptoribus
701 2410 1001 2475 Byzantinis
1050 2410 1345 2475 appellatur
1362 2446 1375 2473 ‚
1443 2410 1725 2461 Russorum
1781 2426 1905 2461 vero
1966 2412 2175 2461 nomine
2232 2411 2391 2461 hodie

321 2498 448 2548 satis
491 2500 568 2547 est
603 2493 894 2545 nobilitata.
952 2524 1009 2533 --
1068 2496 1148 2542 ills·
1185 2496 1495 2556 famulatum
1542 2492 1812 2559 exhibebat)
1861 2494 2152 2544 Pronomen
2196 2495 2254 2543 in
2302 2494 2387 2545 ed.

319 2578 601 2628 Lindenbr.
651 2592 757 2627 non
806 2577 1008 2627 visitur.
1065 2600 1134 2613 ——-
1189 2574 1510 2642 nanciscitur)
1568 2576 1779 2627 Rectius
1828 2578 2045 2627 fortasse
2094 2581 2384 2639 paciscitur.

319 2661 645 2720 VULGAN„
672 2688 739 2698 —-
793 2658 1168 2723 suanihildam)
1222 2658 1307 2707 Ita
1350 2659 1541 2722 optime
1573 2660 1701 2709 Exc.
1736 2659 1804 2709 ad
1846 2674 2059 2723 quorum
2108 2660 2389 2710 lectionem

319 2743 550 2809 proxime
599 2742 798 2793 accedit
849 2742 960 2794 cod.
992 2742 1154 2791 Paris.
1195 2742 1340 2791 1890.
1411 2742 1707 2791 Suam'bilda
1727 2779 1740 2806 ,
1794 2741 1886 2793 sed
1932 2743 2064 2793 Pall.
2119 2744 2389 2792 &mildam

319 2827 634 2891 praeferunt,
667 2826 842 2874 Ambr.
879 2826 1086 2874 Sonilda
1104 2862 1117 2889 ,
1155 2823 1266 2875 cod.
1301 2825 1464 2876 Paris.
1500 2826 1648 2875 5873.
1683 2826 1894 2889 Sunihil,
1932 2825 2011 2875 ed.
2047 2839 2125 2888 pr.
2164 2826 2383 2887 Sunielh,

321 2908 439 2957 Par.
475 2908 706 2969 Sanielli,
741 2905 1022 2956 Leunclav.
1059 2908 1287 2971 sanielh,
1326 2922 1457 2972 quae
1490 2908 1643 2957 lectio
1670 2909 1727 2957 in
1764 2908 1879 2958 edd.
1914 2909 2247 2971 insequentes
2282 2924 2392 2957 om-

319 3004 414 3039 nes
445 2994 650 3053 praeter
683 2987 884 3038 Gruter.
922 2994 1000 3041 est
1029 2996 1333 3056 propagata.
1417 2991 1738 3039 Suanihitdae
1771 2995 1945 3040 autem
1980 3006 2169 3039 nomen
2206 2992 2389 3041 crebro

321 3075 450 3124 satis
483 3074 692 3122 obvium
725 3077 802 3122 est
833 3072 890 3121 in
921 3072 1078 3121 medii
1093 3108 1106 3135 ,
1143 3074 1487 3137 quodvocant,
1519 3073 1637 3121 aevi
1668 3074 2015 3122 monumentis
2028 3110 2042 3136 ,
2092 3088 2389 3138 quanquam

319 3156 594 3221 paululum
625 3154 880 3204 interdum
911 3156 1264 3207 immutatum:
1312 3156 1385 3206 sic
1429 3156 1739 3204 Suanehudis
1781 3156 1921 3219 apud
1965 3156 2223 3207 Annalist.
2260 3156 2385 3207 Sax.

319 3254 374 3305 p.
412 3241 524 3289 133.
560 3240 676 3289 366.
723 3237 802 3286 ed.
844 3237 1058 3288 Eecard.
1100 3241 1413 3289 swanahilde
1457 3239 1515 3303 in
1546 3237 1710 3286 Perta.
1746 3236 2065 3289 Monument.
2102 3240 2165 3287 Τ.
2203 3238 2296 3288 VI.
2328 3254 2384 3303 p.

321 3324 422 3373 448
435 3360 450 3386 ,
497 3322 774 3371 Suanahild
813 3313 877 3369 in
921 3322 1214 3386 necrologio
1247 3322 1525 3375 Monaster.
1563 3318 1618 3370 S.
1652 3318 1894 3369 Michael.
1930 3336 1983 3385 p.
2026 3325 2076 3370 2.
2112 3322 2387 3371 Suamhild

319 3407 447 3458 ibid.
471 3423 523 3472 p.
549 3409 629 3457 89.
664 3434 716 3443 —-
753 3403 1038 3470 Bacamber)
1075 3402 1162 3454 Sic
1183 3404 1357 3453 Ambr.
1394 3416 1509 3451 cum
1523 3402 1731 3454 Person.
1768 3406 1829 3451 ut
1864 3404 2001 3452 infra
2032 3418 2075 3453 c.
2099 3404 2212 3465 48.;
2248 3401 2383 3455 Rod.

320 3492 380 3541 in
409 3490 518 3540 reb.
552 3490 770 3553 Hispan.
808 3488 1068 3551 Alamber,
1109 3488 1167 3537 in
1206 3487 1387 3539 histor.
1431 3500 1555 3536 vero
1598 3486 1837 3537 Hunnor.
1888 3488 2205 3549 Voalamber,
2245 3485 2381 3545 Exta.

329 3573 622 3639 Valamber,
673 3570 929 3635 frequenti
970 3569 1236 3619 literarum
1269 3570 1301 3617 b
1336 3576 1388 3619 et
1418 3586 1451 3617 v
1484 3572 1891 3634 permutation03
1943 3586 1993 3619 v.
2028 3572 2277 3618 Balamdr.
2310 3594 2385 3614 ,--

319 3656 380 3703 in
414 3654 813 3718 Ostroqothamm
839 3653 1060 3719 partem)
1111 3652 1202 3705 Sic
1241 3652 1375 3703 Pau.
1410 3653 1583 3704 Ambr.
1635 3659 1689 3704 et
1728 3652 1854 3703 Exc.
1898 3653 2002 3703 nisi
2038 3652 2177 3718 quod
2209 3653 2266 3701 in
2300 3652 2385 3703 his
