2567 4084
1059 150 1063 155 ’
1158 170 1280 235 103

187 354 287 419 cis
330 354 429 419 sui
471 354 652 418 iussu
692 350 1008 415 trucidare
1053 354 1473 431 conarentur,
1543 352 1605 413 et
1661 368 1793 414 vox
1850 350 2257 414 morientium

187 451 434 517 duriter
487 449 720 516 emissa
775 451 900 515 iam
967 449 1279 535 suspectis
1340 447 1601 513 auribus
1667 448 2019 531 intonaret,
2083 449 2255 513 illico

187 554 484 636 apertum
529 548 746 614 dolum
790 567 1178 632 cognoscens
1204 547 1615 630 FritigernuS‚
1660 547 2000 631 evaginato
2042 548 2257 631 gladio
2298 544 2307 550 ’

187 668 230 713 e
261 649 560 713 convivio
589 668 716 713 non
747 648 884 712 sine
911 640 1142 730 magna
1175 646 1529 711 temeritate
1572 646 2033 732 velocitateque
2078 666 2259 731 egre-

187 748 397 829 ditur,
465 766 740 833 suosque
798 746 1004 811 socios
1061 746 1144 811 ab
1201 745 1557 811 imminenti
1608 751 1811 811 morte
1865 750 2117 833 'ereptos
2177 746 2262 813 ad

189 864 413 911 necem
458 847 891 910 Romanorum
934 845 1210 929 instigat.
1310 846 1437 929 Qui
1480 846 1651 909 nacti
1696 846 2092 911 occasionem
2134 867 2260 911 vo·-

187 946 400 1010 tivam
451 946 776 1029 clegerunt
828 945 950 1009 viri
1005 944 1331 1009 fortissimi
1388 944 1455 1008 in
1498 944 1670 1009 bello
1716 945 1918 1029 magis
1960 964 2150 1031 quam
2194 946 2263 1009 in

187 1045 364 1109 fame
421 1045 722 1128 deficere,
789 1050 854 1109 et
909 1044 1080 1109 illico
1137 1044 1203 1106 in
1260 1044 1495 1108 ducum
1538 1044 1837 1129 Lupicini
1894 1048 1957 1109 et
1998 1044 2264 1109 Maximi

193 1150 526 1209 armantur
581 1144 979 1209 occisionem.
1067 1142 1186 1207 Illa
1243 1161 1519 1228 namque
1578 1143 2113 1220 diesGothorum
2166 1142 2263 1207 fa·-

192 1262 365 1307 mem
407 1244 964 1330 Romanorumque
1009 1244 1407 1309 securitatem
1452 1241 1727 1324 ademit,
1795 1249 2267 1327 coeperuntque

191 1342 398 1407 Gothi
441 1344 568 1407 iam
611 1364 738 1409 non
782 1350 854 1409 ut
896 1344 1182 1408 advenae
1225 1348 1291 1407 et
1332 1342 1681 1429 peregrini,
1742 1341 1854 1407 sed
1879 1346 1950 1405 ut
1986 1342 2161 1405 cives
2204 1345 2268 1405 et

195 1442 442 1507 domini
485 1444 961 1527 possessoribus
1003 1444 1349 1528 imperare,
1410 1447 1705 1526 totasque
1748 1446 1961 1527 partes
2003 1446 2266 1527 septen-

195 1542 504 1605 trionales
569 1552 770 1628 usque
829 1543 910 1607 ad
967 1543 1337 1607 Danubium
1396 1562 1509 1607 suo
1566 1543 1703 1607 iure
1756 1550 1987 1605 tenere.
2078 1541 2267 1625 Quod

197 1642 600 1725 comperiens
643 1644 708 1705 in
752 1642 1097 1706 Antiochia
1139 1642 1382 1707 Valens
1424 1641 1787 1725 imperator.
1835 1662 1984 1705 mox
2006 1647 2268 1705 ‘armato

199 1742 488 1804 exercitu
533 1742 594 1803 in
629 1742 1039 1805 Thraciarum
1085 1748 1301 1826 partes
1346 1741 1693 1825 egreditur3
1739 1742 1850 1805 ubi
1893 1738 2270 1805 lacrimabili

199 1838 374 1903 bello
421 1842 792 1922 commisso,
840 1840 1240 1904 vincentibus
1285 1840 1535 1922 Gothis7
1580 1841 1643 1903 in
1690 1841 1964 1924 quodam
2008 1840 2268 1927 praedio

199 1937 384 2000 iuxta
428 1939 956 2024 Hadrianopolim
1017 1940 1268 2003 saucius
1323 1940 1461 2023 ipso
1507 1940 1859 2023 refugienS,
1920 1938 2270 2021 ignoranti-

197 2106 288 2157 Sic
312 2107 444 2157 Pau.
487 2123 605 2156 cum
628 2108 802 2161 Ambr.
847 2108 1130 2171 eodemque
1163 2122 1318 2158 sensu
1354 2108 1435 2158 ed.
1470 2125 1546 2173 pr.
1580 2125 1805 2172 namque,
1842 2124 1935 2173 pro
1972 2123 2075 2172 qua
2110 2108 2273 2171 proba

201 2191 431 2239 lectione
463 2190 748 2241 Rhenanus
781 2191 924 2241 dedit
957 2196 1179 2252 iamque,
1242 2192 1381 2255 quod
1430 2192 1598 2242 adhuc
1650 2193 1764 2242 edd.
1818 2190 2019 2241 obsidet
2072 2195 2275 2255 praeter

203 2274 518 2329 Leunclavii
537 2310 551 2336 ‚
608 2276 697 2337 qui
731 2281 783 2324 et
816 2277 927 2338 ipse
960 2288 1170 2335 namque
1201 2276 1256 2322 in
1293 2290 1389 2323 sua
1420 2277 1649 2326 exhibet.
1704 2304 1771 2313 —
1818 2277 2053 2335 reclusos)
2096 2274 2271 2325 Ambr.

201 2362 436 2420 ὑιοιαεοε,
475 2359 668 2421 optime
700 2360 866 2422 primo
901 2359 1105 2422 quidem
1139 2361 1422 2423 adspectu3
1458 2373 1627 2421 neque
1659 2364 1833 2407 tamen
1866 2372 1972 2407 non
2004 2356 2277 2407 retinenda

203 2442 442 2505 vulgata,
479 2456 636 2504 quum
658 2458 760 2491 vox
781 2446 991 2491 ascensos
1016 2448 1355 2491 correctorem
1377 2440 1633 2490 redoleat:
1668 2441 1912 2489 recludere
1934 2440 2071 2489 enim
2098 2440 2273 2502 verbe,

199 2538 504 2588 quanquam
535 2524 674 2573 idem
707 2525 1008 2599 plerumque
1043 2526 1200 2588 valet,
1239 2524 1377 2587 quod
1410 2524 1638 2586 aperire,
1674 2523 1960 2571 Latinitate
1995 2528 2168 2572 tamen
2201 2522 2275 2571 la-
2316 2506 2325 2517 ’

201 2608 364 2656 bente
397 2616 452 2656 et
485 2608 632 2670 lapsa
659 2609 964 2658 includendi
1007 2608 1092 2657 vel
1137 2606 1444 2657 occludendi
1480 2607 1617 2655 inest
1662 2604 2001 2669 significati03
2054 2606 2130 2653 sic
2163 2604 2277 2667 ipse

207 2696 389 2740 noster
423 2705 467 2738 c.
501 2692 584 2739 31.
639 2692 886 2752 Hispania
917 2707 969 2739 se
1001 2693 1242 2740 recludere
1259 2727 1273 2753 ‚
1328 2706 1373 2741 c.
1406 2691 1490 2741 40.
1538 2692 1675 2737 intra
1724 2694 1863 2750 septa
1913 2693 2183 2736 castrorum
2226 2702 2277 2736 se

205 2775 490 2822 recludere:
527 2772 706 2823 eadem
739 2774 1044 2839 significatio
1081 2780 1159 2824 est
1191 2774 1350 2823 verbo
1386 2772 1525 2837 apud
1546 2773 1801 2823 Iustinum
1834 2771 1877 2834 1,
1902 2772 1952 2833 9,
1980 2773 2059 2819 16.
2082 2771 2277 2834 XXVI,

204 2854 272 2919 1,
313 2858 360 2909 7.
417 2856 704 2923 Minucium
753 2859 863 2907 Fel.
919 2874 961 2908 c.
1010 2860 1092 2921 25,
1151 2858 1612 2907 13.‘Ammianum
1661 2854 1803 2905 XVI.
1864 2857 1944 2918 10,
2006 2858 2051 2903 1.
2104 2855 2273 2921 XXII,

206 2942 289 3003 12,
343 2940 392 2989 8.
464 2967 528 2976 ——
597 2946 822 3003 apertum
869 2943 1038 2990 dolum
1083 2939 1381 3005 coquo-scens)
1447 2940 1530 2989 Ita
1572 2939 1705 2990 Pan.
1757 2938 1849 2989 sed
1892 2939 2067 2989 Ambr.
2115 2946 2281 3003 aperte

205 3025 382 3072 dolum
437 3037 748 3087 ουρηοεεεπες
806 3040 855 3072 v.
915 3031 1110 3085 apes-toa
1165 3029 1299 3087 ipsos
1349 3026 1487 3073 dolos
1538 3038 1833 3085 coynoscem.
1902 3048 1966 3059 —-
2034 3039 2062 3072 e
2118 3027 2279 3072 convi-

201 3105 314 3171 vio)
373 3105 462 3156 Sic
494 3105 629 3157 Pall.
664 3107 840 3158 Ambr.
874 3107 1002 3157 Exc.
1038 3108 1178 3172 Epit.
1225 3108 1318 3157 sed
1352 3106 1431 3158 ed,
1466 3106 1612 3157 Grut.
1656 3106 1854 3169 absque
1898 3107 2281 3170 praepositione

209 3192 468 3249 convivio;
503 3206 556 3237 v.
591 3194 648 3237 in
681 3194 921 3239 convivio.
972 3216 1040 3229 —·
1087 3193 1227 3239 nacti
1259 3193 1564 3239 occasionem
1594 3189 1843 3252 votivam)
1884 3188 1971 3239 Ita
2000 3204 2135 3238 unus
2167 3189 2280 3239 Pal.

215 3272 358 3337 (nam
389 3272 525 3321 alter
556 3276 696 3321 nacti
729 3277 980 3323 occasione
1009 3270 1238 3339 votiva),
1287 3272 1462 3321 Ambr.
1498 3271 1578 3321 ed.
1613 3271 1729 3320 Par.
1764 3272 1897 3321 Rod.
1941 3277 2090 3321 nacta
2129 3285 2278 3321 occa-

216 3360 348 3405 asom
376 3359 545 3403 votiva
579 3355 754 3421 vulgo.
792 3384 859 3394 —-
903 3371 990 3405 suo
1025 3355 1151 3422 iure)
1208 3355 1341 3408 Rod.
1374 3355 1463 3404 sub
1496 3358 1615 3415 iure,
1649 3354 1778 3407 Exc.
1810 3355 1900 3403 aad>
1934 3368 2021 3403 suo
2052 3358 2177 3403 iure.
2213 3380 2281 3391 --

215 3436 477 3503 eyreditur)
534 3436 622 3487 Sic
653 3454 748 3502 pro
780 3439 922 3505 vulg.
957 3442 1225 3502 dion-editur
1260 3441 1393 3491 Pau.
1430 3454 1546 3489 cum
1578 3437 1711 3489 Rod.
1742 3436 1834 3488 sed
1869 3437 2041 3494 Ambt.
2074 3437 2282 3499 reyredt‘-

217 3526 309 3569 tur.
347 3550 415 3561 —
446 3526 504 3571 in
537 3524 752 3585 quodam
780 3522 1006 3585 praedio)
1040 3522 1212 3572 Ambr.
1249 3527 1305 3571 in
1336 3525 1584 3585 quoddam
1614 3522 1889 3584 praedium,
1927 3518 2066 3584 quod
2086 3533 2283 3569 correc-

217 3606 338 3656 toris
369 3606 545 3670 potius
580 3612 659 3655 est
691 3621 845 3670 quam
877 3606 1114 3657 Iordanis
1131 3642 1145 3670 ‚
1195 3606 1281 3655 cui
1313 3610 1368 3655 in
1400 3606 1830 3669 praepositionem
1864 3605 1939 3655 ita
1970 3609 2168 3653 struere
2201 3618 2283 3654 eo-

213 3686 382 3755 lenae,
417 3694 478 3738 ut
511 3696 814 3739 annotatum
847 3706 1006 3755 supra
1037 3689 1106 3739 ad
1139 3705 1182 3739 c.
1221 3690 1304 3739 20.
1346 3692 1420 3727 -“
1463 3689 1723 3752 refuqiens)
1756 3686 1855 3739 Ed.
1894 3686 2039 3739 Grut.
2069 3688 2279 3751 Γαρίαω.
