2567 4084
1137 174 1256 239 149

169 352 551 419 solutionem
593 373 710 439 per
751 358 968 441 part-es
985 400 1004 432 ,
1063 374 1214 419 mox
1257 354 1385 420 iam
1436 375 1697 423 securus
1741 357 1827 423 ad
1870 360 2239 445 oppressio·

167 471 316 517 nem
337 452 772 519 Romanorum
803 453 1005 519 movit
1026 452 1444 537 procinctum,
1470 454 1803 541 primaque
1830 458 2238 541 aggressione

163 550 638 636 Aquileiensem
707 550 959 617 obsedit
1023 551 1383 637 civitatem,
1472 574 1635 640 quae
1701 560 1797 621 est
1862 556 2237 643 metropolis

167 648 618 731 Venetiarum‚
683 652 752 717 in
815 670 1115 717 mucrone
1175 650 1280 715 vel
1338 650 1559 736 lingua
1615 653 1970 719 Hadriatici
2028 644 2252 740 posita*

166 748 382 825 sinus,
439 749 618 815 cuius
670 750 756 815 ab
815 750 1058 815 oriente
1119 768 1332 815 muros
1375 750 1629 817 Natissa
1690 752 1894 819 amnis
1948 752 2153 819 fluens
2192 774 2236 819 a

162 853 380 913 monte
404 847 610 915 Picois
643 848 926 916 elambit.
997 850 1224 937 Ibique
1246 870 1443 937 quum
1466 851 1579 917 diu
1605 852 2237 941 multoquetempore

162 945 468 1013 obsidens
509 948 669 1014 nihil
703 949 958 1034 penitus
999 950 1427 1036 praevaleret,
1468 949 1830 1018 fortissimis
1858 952 2239 1019 intrinsecus

165 1046 602 1113 Romanorum
661 1048 968 1114 militibus
1011 1048 1486 1133 resistentibus,
1552 1052 1836 1117 exercitu
1878 1052 2007 1117 iam
2053 1072 2238 1119 mur-

164 1152 458 1213 murante
497 1154 562 1212 et
605 1147 930 1213 discedere
973 1148 1301 1235 cupiente,
1362 1148 1565 1213 Attila
1610 1148 2026 1217 deambulans
2070 1151 2241 1215 circa

161 1266 409 1329 muroS‚
457 1247 630 1331 dum,
678 1255 889 1313 utrum
933 1247 1209 1315 solveret
1251 1256 1457 1312 castra
1498 1268 1581 1313 an
1624 1248 1836 1313 adhuc
1864 1256 2238 1329 moraretur,

163 1346 518 1430 deliberat,
583 1346 1033 1413 animadvertit
1085 1347 1391 1413 candidas
1432 1368 1622 1432 aveS‚
1664 1348 1747 1413 ‚id
1793 1354 1888 1415 est
1934 1348 2233 1431 ciconias,

163 1464 334 1533 quae
383 1446 460 1523 ¹in
505 1445 758 1530 fastigio
805 1446 1135 1513 domorum
1177 1446 1546 1531 nidificant,
1606 1448 1687 1513 de
1726 1446 1985 1513 civitate
2027 1446 2238 1513 foetus

163 1564 320 1609 suos
379 1544 628 1610 trahere
687 1550 880 1633 atque
938 1552 1158 1613 contra
1216 1566 1459 1613 morem
1513 1566 1628 1634 per
1680 1568 1831 1613 rura
1884 1548 2237 1614 forinsecus

165 1649 592 1730 comportare.
677 1645 762 1709 Et
803 1652 876 1713 ut
916 1646 1040 1711 hoc
1057 1694 1076 1730 ,
1143 1646 1309 1711 sicut
1350 1652 1487 1713 erat
1529 1648 1976 1731 sagacissimus
2017 1646 2238 1731 inqui-

168 1743 352 1826 sitor‚
394 1744 730 1829 persensit,
775 1746 858 1810 ad
903 1766 1054 1811 suos
1089 1745 1327 1831 inquit:
1370 1747 1671 1833 respicite
1700 1766 1853 1813 aves
1883 1746 2237 1813 futurarum

160 1860 379 1907 rerum
420 1844 725 1929 providas
767 1844 1113 1931 perituram
1156 1845 1513 1931 relinquere
1554 1846 1899 1928 civitatem,
1946 1864 2237 1911 casuras-

167 1960 296 2025 que
353 1960 528 2007 arces
585 1943 868 2030 periculo
925 1944 1295 2009 imminente
1350 1944 1657 2009 deserere.
1744 1945 1889 2009 Non
1947 1943 2071 2009 hoc
2112 1962 2231 2007 va·-

163 2060 356 2107 cuum
375 2090 392 2123 ‚
472 2062 602 2109 non
675 2042 798 2109 hoc
875 2042 1168 2109 credatur
1240 2042 1585 2122 incertum3
1660 2042 1853 2111 rebus
1927 2043 2231 2130 praesciis

163 2141 689 2209 consuetudinem
749 2148 955 2207 mutat
1019 2150 1291 2208 ventura
1353 2142 1645 2207 formido.
1754 2142 1929 2227 Quid
1995 2142 2232 2229 plura?

161 2240 438 2305 Animus
492 2260 749 2306 suorum
790 2260 1008 2307 rursus
1052 2242 1134 2307 ad
1183 2242 1686 2328 oppugnandum
1727 2242 2090 2325 Aquileiam
2130 2243 2235 2307 in-

159 2493 324 2543 Plura
374 2507 528 2557 quam
572 2493 696 2543 libri
728 2498 839 2547 tum
873 2508 1030 2544 manu
1065 2495 1263 2543 exarati
1296 2497 1407 2541 tum
1443 2492 1571 2543 editi
1604 2492 1741 2543 sistit
1772 2492 1859 2543 hie
1893 2492 2034 2557 Epit.
2072 2492 2233 2541 Attica

160 2590 274 2639 erqo
308 2580 434 2625 sieut
469 2583 689 2641 optarat,
726 2592 758 2625 a
791 2578 1031 2626 Romanis
1063 2580 1359 2639 seqreyatur,
1396 2591 1679 2639 cernensque
1718 2577 2003 2638 Veseyothae
2034 2590 2235 2637 percus·

158 2675 274 2709 sum
309 2660 512 2708 daturos
544 2663 809 2723 imperium
823 2696 837 2724 ‚
874 2661 941 2708 ad
972 2662 1186 2709 Italiam
1219 2663 1314 2708 iter
1346 2662 1519 2722 reprit
1554 2672 1615 2709 ac
1641 2674 1737 2723 per
1765 2661 1938 2707 varias
1973 2660 2237 2721 lonqasque

157 2746 271 2791 vias
304 2744 496 2793 Forum
529 2745 652 2793 Iulii
682 2744 954 2807 ingreditur
969 2779 984 2806 ,
1014 2744 1275 2805 primaque
1311 2744 1615 2805 affre-ssione
1648 2746 1747 2792 oet.
1782 2754 1915 2805 quae
1949 2740 2093 2791 haud
2124 2741 2237 2793 seio

157 2840 232 2874 an
253 2825 492 2876 Iordanis
523 2826 642 2889 sint,
680 2842 838 2891 quum
869 2827 1074 2877 Aeneas
1092 2825 1309 2891 Sylvius
1340 2825 1423 2889 iis,
1460 2840 1595 2889 quae
1616 2824 1826 2875 Iordani
1847 2824 2020 2890 debet,
2056 2824 2236 2875 aliena

157 2907 446 2959 admiscere
477 2924 584 2959 non
617 2909 686 2959 sit
719 2910 916 2960 solitus.
941 2936 1009 2949 -
1033 2906 1727 2973 Aquileiawem-eiostatem)
1768 2902 1853 2959 Ita
1872 2908 2069 2973 primus
2092 2908 2237 2959 dedit

156 2989 445 3041 Rhenanus
479 3006 572 3057 pro
595 2992 993 3055 Aquileyiensem,
1031 2990 1168 3057 quod
1201 2990 1257 3040 in
1295 2990 1375 3044 ed.
1399 3006 1476 3057 pr.
1512 3006 1715 3041 necnon
1748 2994 1805 3041 in
1843 2991 1985 3055 Epit.
2019 2992 2231 3059 legitur.

159 3100 224 3111 -
259 3072 482 3141 Natio-m)
538 3074 742 3135 Bonfln.
781 3081 835 3125 et
867 3076 1150 3127 Lindenbr.
1187 3076 1391 3138 Natiso,
1428 3074 1493 3125 de
1537 3077 1857 3139 coniectura,
1910 3079 1971 3125 ut
2002 3074 2227 3137 videtur,

155 3164 398 3222 uterque.
435 3184 504 3197 -
536 3175 572 3207 α
619 3165 785 3209 monte
829 3158 1006 3225 Pie-cis)
1083 3158 1172 3211 Sic
1197 3158 1349 3212 Pan.
1394 3159 1540 3207 Pictis
1580 3158 1723 3221 Epit.
1762 3158 1891 3207 Picis
1923 3157 2104 3223 vulgo.
2160 3183 2229 3193 -—

155 3240 440 3307 nidificant)
496 3242 647 3292 Haec
678 3242 919 3293 Rhenani
966 3247 1044 3293 est
1077 3242 1370 3293 emendatio
1406 3254 1500 3305 pro
1535 3241 1800 3303 aedificant
1814 3277 1829 3305 ,
1884 3238 2022 3303 quod
2054 3240 2112 3287 in
2145 3236 2227 3288 ed.

155 3339 238 3388 pr.
286 3324 510 3389 legitur-z
562 3325 866 3377 confirmant
906 3326 1143 3378 Historia
1187 3326 1337 3375 Misc.
1373 3324 1504 3375 Exo.
1540 3324 1682 3389 Epit.
1718 3351 1779 3361 —
1814 3320 2073 3389 persensit)
2128 3321 2228 3373 Ed.

153 3408 278 3457 Par.
325 3412 612 3469 praesensit.
659 3436 727 3449 --
772 3410 1018 3475 respicite)
1074 3408 1273 3459 Histor.
1323 3408 1474 3459 Misc.
1526 3411 1579 3458 et
1620 3407 1751 3460 Exo.
1802 3407 2071 3469 adspicit&
2125 3419 2232 3455 non

156 3491 325 3541 male:
362 3490 628 3557 vulgatam
661 3498 836 3541 tamen
869 3491 995 3543 duxi
1026 3490 1381 3553 retinendum3
1418 3490 1493 3542 sic
1528 3488 1818 3544 Cassiodor.
1852 3488 1977 3541 Var.
2008 3486 2107 3551 III,
2142 3488 2229 3543 21.

159 3572 226 3625 de
271 3574 464 3625 Roma:
523 3575 609 3623 ubi
663 3580 808 3623 tanta
861 3578 1112 3625 moenium
1157 3578 1315 3637 possit
1358 3576 1535 3637 respici
1577 3573 1879 3623 mulititudo?
1914 3598 1973 3607 -·-
2022 3575 2231 3621 ventura

145 3658 400 3725 fumido)
434 3658 648 3709 Mallem
680 3660 882 3707 venturi
915 3658 1144 3713 formido.
1182 3684 1250 3695 —
1291 3658 1427 3717 Quid
1450 3659 1603 3721 plura
1612 3654 1663 3723 Ρ)
1694 3656 1779 3707 Ιω
1808 3668 1904 3721 pro
1936 3654 2077 3720 vulg.
2112 3654 2235 3717 quia
