2567 4084
1324 136 1410 203 92

332 323 667 390 stabilitati
709 312 1034 388 subiacuit
1075 324 1138 387 et
1179 318 1489 403 tarditati,
1532 318 1807 407 fecitque
1846 337 2042 384 causa
2082 318 2402 400 fortunae,

329 429 403 491 ut
445 428 510 490 et
551 422 678 509 ipsi
717 422 884 487 inter
925 420 1206 507 reliquas
1247 422 1472 503 gentes
1516 418 1822 486 Getarum
1862 415 1999 501 regi
2042 415 2402 481 Hermana-

328 524 462 590 rico
519 522 849 589 servirent.
934 519 1095 585 Post
1145 519 1535 586 Herulorum
1588 516 1849 584 caedem
1901 517 2073 582 idem
2126 514 2405 581 Herma-

327 622 585 688 naricus
627 624 696 701 in
724 618 1014 686 Venetos
1057 638 1233 683 arma
1279 618 1645 701 commovit,
1694 616 1824 703 qui,
1870 614 2163 702 quamvis
2206 613 2403 679 armis

330 721 637 808 despecti,
683 718 798 785 sed
821 719 1278 785 numerositate
1319 717 1659 803 pollentes,
1701 716 1910 803 primo
1941 713 2238 779 resistere
2276 732 2401 778 co-

327 820 666 885 nabantur.
755 816 886 884 Sed
940 818 1103 883 nihil
1145 818 1319 883 valet
1371 815 1715 883 multitudo
1758 812 2147 897 imbellium,
2205 831 2400 898 prae-

329 918 547 985 sertim
602 917 718 984 ubi
771 912 836 983 et
897 917 1054 983 deus
1107 915 1451 1004 permittit,
1503 920 1569 981 et
1609 913 1949 983 multitudo
1992 915 2239 977 armata
2276 909 2403 977 ad-

327 1017 595 1083 venerit.
678 1018 848 1084 Nam
902 1016 1008 1101 hi,
1066 1021 1140 1101 ut
1195 1016 1379 1082 initio
1442 1014 1862 1102 expositionis
1931 1011 2037 1077 vel
2100 1010 2399 1096 catalogo

327 1116 536 1201 gentis
582 1116 792 1183 dicere
835 1118 1163 1203 coepimus
1176 1165 1195 1201 ‚
1234 1116 1320 1183 ab
1362 1135 1493 1181 una
1536 1115 1735 1201 stirpe
1778 1112 2018 1195 exorti,
2062 1110 2187 1177 tria
2226 1129 2403 1175 nunc

326 1216 590 1282 nomina
633 1215 888 1284 edidere
905 1266 923 1301 ‚
967 1215 1235 1294 Veneti,
1279 1216 1521 1298 Antes,
1566 1212 1899 1295 Sclaveni3
1950 1210 2062 1299 qui
2104 1209 2402 1298 quamvis

326 1336 497 1382 nunc
538 1317 629 1381 ita
671 1316 1054 1383 facientibus
1095 1315 1380 1402 peccatis
1436 1313 1671 1380 nostris
1711 1312 1952 1399 ubique
1997 1309 2403 1393 desaeviunt,

327 1420 544 1482 tamen
574 1421 728 1482 tunc
757 1436 977 1483 omnes
1004 1414 1446 1482 Hermanarici
1475 1413 1759 1500 imperiis
1804 1413 2100 1479 serviere.
2164 1412 2404 1478 Aesto-

327 1536 470 1583 rum
514 1536 770 1605 quoque
813 1514 1101 1581 similiter
1141 1515 1464 1581 nationem
1483 1562 1501 1597 ‚
1558 1513 1671 1599 qui
1711 1512 2149 1597 longissimam
2189 1512 2399 1598 ripam

238 1782 260 1795 x
456 1725 664 1788 fecitque
697 1722 866 1788 causa)
900 1723 1187 1774 Vulcanius
1215 1724 1409 1787 fuitque
1442 1737 1593 1773 causa
1624 1722 1903 1788 legendum
1938 1737 2055 1773 esse
2088 1720 2317 1775 coniicit.
2332 1747 2402 1759 —

335 1820 486 1857 cama
503 1804 760 1872 rerumne)
793 1806 922 1857 Exc.
949 1822 1100 1856 cama
1117 1808 1352 1869 fortium.
1390 1832 1447 1843 —-
1486 1802 1741 1871 servirent)
1774 1805 1859 1855 Ita
1892 1805 2024 1857 Pau.
2058 1804 2233 1856 Ambr-
2267 1804 2401 1855 Exc.

328 1894 618 1940 amer-int
661 1891 836 1956 vulgo.
883 1916 947 1928 -—
995 1894 1050 1939 in
1089 1888 1316 1956 Venetos)
1360 1890 1469 1955 Mg.
1502 1889 1623 1941 Par.
1662 1888 1889 1939 Venthos.
1929 1914 1993 1924 -
2036 1885 2266 1953 despecti)
2310 1884 2403 1937 Sic

325 1988 420 2039 pro
455 1973 601 2039 vulg.
635 1974 862 2036 disperiti
892 1973 1024 2023 Pan.
1058 1971 1236 2023 Ambr.
1271 1973 1405 2025 Rod.
1436 1972 1564 2023 Exc.
1610 1998 1672 2008 —
1711 1968 1902 2037 primo)
1948 1969 2121 2020 Ambr.
2151 1973 2398 2033 primum,

327 2057 407 2107 ed.
443 2057 564 2109 Par.
594 2060 770 2120 primi.
805 2084 873 2093 —
905 2057 1176 2105 multitudo
1207 2054 1509 2123 imbellium)
1543 2054 1633 2107 Sic
1652 2054 1829 2105 Ambr-
1859 2069 1977 2103 cum
1996 2052 2104 2119 Mg.
2130 2052 2248 2102 Par.
2271 2056 2403 2102 mub-

327 2140 490 2189 fitudo
520 2142 578 2187 in
611 2140 736 2187 bello
769 2139 944 2203 vulgo.
981 2165 1045 2175 -
1095 2145 1143 2188 et
1187 2141 1305 2189 deus
1346 2138 1619 2207 permittit)
1662 2139 1813 2189 Haec
1851 2138 2013 2188 verba
2052 2136 2295 2186 revocavi
2336 2150 2404 2185 ex

329 2220 411 2271 ed.
434 2236 514 2285 pr.
537 2222 783 2287 leguntur
817 2235 1023 2287 quoque
1054 2222 1112 2270 in
1144 2222 1385 2272 Rhenan.
1421 2222 1610 2275 omissa
1640 2226 1765 2272 sunt
1782 2221 2008 2287 primum
2039 2220 2097 2268 in
2120 2218 2203 2273 ed.
2225 2218 2403 2268 Leun-

329 2304 466 2355 clav.
499 2304 726 2369 indeque
771 2304 830 2353 in
861 2303 1076 2369 reliquis
1111 2305 1351 2356 omnibus
1380 2310 1587 2371 praeter
1618 2303 1825 2357 Gruter.
1864 2310 1917 2355 et
1946 2302 2233 2353 Lindenbr.
2297 2300 2405 2351 Ex-

327 2391 468 2437 stant
501 2387 657 2439 etiam
700 2388 758 2437 in
790 2387 924 2439 Pan.
955 2387 1132 2438 Ambr.
1167 2402 1371 2439 necnon
1404 2388 1533 2438 Exc.
1568 2402 1635 2439 ex
1667 2388 1857 2453 quibus
1889 2386 2309 2451 Lindenbrogius
2341 2385 2400 2435 in

327 2482 477 2520 suam
511 2484 576 2521 ea
608 2471 826 2535 recepit.
849 2498 913 2508 -
937 2472 1206 2521 multitudo
1239 2470 1468 2537 amata)
1502 2472 1629 2522 Exc.
1654 2472 1919 2521 'multitudo
1941 2470 2153 2533 sortium
2174 2473 2396 2534 amata,

327 2568 483 2618 quam
505 2554 781 2606 lectionem
803 2556 1000 2620 recepit
1021 2554 1457 2621 Lindenbrogius.
1480 2582 1547 2592 --·
1569 2553 1849 2617 advemrit)
1881 2553 2057 2606 Ambr.
2082 2554 2399 2602 convenit.—

333 2641 554 2699 catazoyo
586 2638 768 2703 yemis)
815 2637 1028 2687 Mallem
1070 2641 1308 2700 yentium.
1356 2664 1417 2674 —-
1466 2635 1677 2703 edidere)
1726 2634 1815 2686 Sic
1846 2634 1982 2687 Pan.
2015 2634 2109 2686 sed
2140 2634 2269 2687 Exc.
2302 2634 2401 2683 sibi

323 2721 642 2783 inditia-uun
683 2722 812 2786 vulg
859 2722 1124 2771 reddidere.
1179 2748 1244 2759 -·
1290 2719 1464 2787 Antea)
1496 2720 1673 2773 Ambr.
1707 2722 1872 2770 Entes.
1915 2746 1983 2757 —-
2024 2719 2276 2781 Sclavem')
2310 2716 2401 2769 Sio

325 2816 424 2867 pro
455 2803 598 2869 vulg.
634 2804 802 2852 Sclavi
835 2802 982 2853 codd.
1017 2804 1195 2855 Ambr.
1231 2809 1289 2855 et
1320 2804 1527 2857 Monac.
1559 2818 1679 2853 cum
1702 2802 1833 2853 Exc-
1866 2801 2044 2867 recepi
2088 2816 2266 2851 eorum
2292 2799 2404 2851 lec·

327 2885 539 2948 tionem,
577 2886 702 2948 quia
733 2884 971 2935 Iordanis
1015 2890 1070 2935 et
1111 2887 1244 2937 alias
1285 2892 1348 2937 ut
1386 2900 1548 2954 supra
1581 2902 1623 2938 c.
1660 2888 1709 2937 5.
1746 2886 1809 2937 R.
1845 2884 1901 2937 S.
1938 2900 1982 2936 c.
2022 2886 2137 2941 122.
2172 2885 2275 2934 hac
2302 2898 2400 2935 no·

325 2967 481 3017 minis
514 2968 678 3017 forma
707 2968 897 3032 utitur,
946 2982 1242 3033 quanquam
1284 2985 1393 3021 non
1434 2985 1552 3021 sum
1595 2970 1831 3033 nescius,
1874 2968 1985 3035 legi
2028 2968 2188 3019 etiam
2227 2968 2399 3017 Solane

325 3048 470 3113 apud
512 3054 742 3101 veteresz
791 3051 866 3101 sic
906 3044 1164 3117 Σκλοὶβος
1198 3045 1339 3124 ἀνήρ
1379 3053 1573 3120 Agath.
1606 3054 1701 3118 IV,
1738 3055 1823 3104 20.
1876 3048 2126 3115 Σκλᾶβοι
2160 3049 2400 3101 Chronic-

325 3132 510 3185 Pasch.
546 3149 598 3198 p.
633 3135 748 3185 905.
783 3136 900 3186 906.
950 3162 1009 3173 -
1058 3138 1321 3187 Amorum
1352 3135 1630 3203 nationem)
1676 3135 1767 3188 Sic
1798 3136 1931 3187 Pau.
1978 3152 2099 3187 cum
2129 3136 2303 3186 Ambr-
2342 3136 2401 3185 in

325 3218 492 3268 altero
526 3222 701 3267 tamen
732 3218 901 3269 Palat.
937 3220 1216 3270 Aeistomm
1249 3220 1595 3285 emendatum,
1630 3220 1772 3271 unde
1803 3220 2098 3284 quaeritur,
2132 3232 2259 3268 num
2288 3216 2403 3266 Αἰσ·

328 3306 490 3351 torum
524 3303 743 3353 fortasse
785 3303 1046 3369 scripserit
1077 3304 1341 3370 Iordanis,
1382 3309 1446 3354 ut
1476 3306 1609 3354 Antan
1654 3302 1796 3368 apud
1827 3301 2187 3369 Eginhardum
2234 3316 2280 3351 c.
2316 3301 2384 3349 12

327 3382 571 3435 dicuntur
600 3384 776 3438 iidem.
842 3386 908 3435 In
937 3386 1067 3436 Exc.
1105 3392 1159 3437 et
1191 3384 1337 3453 apud
1354 3388 1507 3439 Bonf.
1533 3390 1675 3438 Hem·
1703 3387 1914 3453 legitur,
1948 3388 2006 3435 in
2026 3385 2173 3450 Epit.
2196 3385 2395 3434 Anatis.-

328 3467 506 3516 Haesti
537 3469 868 3533 appellantur
899 3468 1040 3533 apud
1075 3467 1367 3524 Cassiodor.
1396 3470 1523 3523 Ver.
1556 3470 1625 3536 V,
1661 3472 1712 3520 2.
1760 3469 1827 3521 de
1866 3470 2015 3520 varia
2046 3482 2277 3533 veraque
2308 3482 2401 3519 no-

327 3550 483 3599 minis
525 3552 784 3615 scriptura
823 3566 875 3601 v.
911 3550 1090 3601 Zeuss.
1132 3565 1184 3614 p.
1220 3554 1338 3602 267.
1382 3558 1493 3603 not.
1562 3552 1807 3604 Ceterum
1846 3554 1995 3603 iuxta
2026 3553 2200 3603 Aenos
2242 3551 2403 3602 aliam

328 3628 543 3693 insuper
574 3637 782 3697 gentem
813 3634 1128 3685 invenerunt
1157 3635 1216 3683 in
1245 3633 1395 3685 libris
1428 3634 1539 3686 suis
1556 3635 1765 3687 Aeneas
1788 3635 2003 3702 Sylvius
2036 3640 2090 3686 et
2108 3634 2401 3700 Bonfinius,
