2567 4084
1296 144 1419 207 114

321 328 488 395 ciam
527 345 736 413 usque
773 324 858 391 ad
899 323 1128 391 urbem
1168 324 1441 389 Romam
1484 322 1929 403 discurrentes,
1974 322 2283 411 quicquid
2325 323 2397 389 in

321 421 682 515 utrumque
703 426 870 491 l'atus
924 424 1042 491 fuit
1058 472 1077 508 ,
1131 424 1200 489 in
1241 424 1562 511 praedam·
1594 424 1941 511 diripiunt3
2004 424 2091 489 ad
2131 428 2397 511 postre-

321 546 512 595 mum
539 529 814 593 Romam
851 524 1142 609 ingressi,
1186 524 1448 591 Alarico
1488 522 1755 591 iubente
1796 524 2076 609 spoliant
2116 528 2397 607 tantum,

317 646 453 693 non
492 632 730 710 autem,
774 629 848 691 ut
874 624 1082 690 solent
1107 628 1355 710 gentes,
1398 624 1614 743 ignem
1642 628 2037 711 supponunt,
2080 641 2203 689 nec
2229 622 2395 689 locis

319 732 686 793 sanctorum
727 724 796 791 in
839 723 1052 811 aliquo
1096 726 1353 811 penitus
1395 724 1699 791 iniuriam
1738 722 2009 809 irrogari
2036 722 2391 809 patiuntur.

315 826 698 911 Exindeque
743 824 1002 907 egressi,
1061 843 1178 909 per
1221 824 1644 911 Campaniam
1692 828 1759 890 et
1800 824 2152 890 Lucaniam
2195 821 2395 888 simili

322 926 506 991 clade
567 930 828 1011 peracta
868 924 1128 990 Brutios
1185 932 1619 1009 accesserunt3
1680 923 1795 990 ubi
1860 924 1973 990 diu
2012 908 2392 999 residente&

317 1024 408 1089 ad
437 1023 720 1089 Siciliam
761 1027 824 1087 et
863 1022 1016 1089 inde
1051 1024 1136 1089 ad
1167 1023 1421 1089 Africae
1464 1029 1666 1089 terras
1706 1023 1977 1089 transire
2010 1022 2391 1091 deliberant.

317 1125 690 1191 Brutiorum
755 1124 1072 1210 siquidem
1135 1125 1314 1210 regio
1381 1126 1447 1190 in
1508 1125 1806 1191 extremis
1858 1123 2085 1189 Italiae
2148 1123 2391 1189 finibus

313 1225 580 1291 australi
613 1224 990 1291 interiacens
1027 1225 1215 1310 parti,
1229 1260 1313 1272 --
1336 1224 1609 1309 angulus
1646 1223 1785 1289 eius
1800 1222 2127 1309 Apennini
2150 1221 2390 1289 montis

317 1324 572 1391 initium
605 1324 775 1405 facit,
809 1360 884 1371 ——-
913 1323 1323 1409 Hadriaeque
1352 1324 1619 1409 pelagus
1647 1323 1827 1389 velut
1850 1322 2071 1407 lingua
2092 1325 2393 1408 porrecta

319 1442 362 1488 a
404 1424 738 1509 Tyrrheno
781 1427 962 1497 aestu
1005 1423 1377 1507 seiungam,
1422 1442 1657 1488 nomen
1713 1423 2037 1509 quondam
2080 1440 2119 1485 a
2162 1420 2393 1485 Brutia

317 1526 584 1591 sortitur
622 1523 874 1618 regina.
957 1522 1064 1589 Ibi
1118 1543 1268 1607 ergo
1312 1524 1576 1588 veniens
1618 1522 1917 1589 Alaricus
1940 1571 1957 1605 ‚
2016 1541 2130 1586 rex
2174 1520 2387 1587 Vese-

317 1623 678 1709 gotharum‚
723 1642 868 1687 cum
911 1621 1144 1708 opibus
1185 1624 1381 1688 totius
1408 1623 1655 1707 Italiae,
1700 1642 1860 1709 quas
1902 1622 1971 1685 in
1998 1620 2240 1707 praeda
2284 1604 2399 1685 cli-⁸

315 1723 622 1809 ripuerat‚
667 1722 917 1806 exinde,
965 1720 1035 1785 ut
1078 1722 1319 1787 dictum
1362 1727 1478 1807 est,
1523 1740 1637 1807 per
1680 1721 1965 1787 Siciliam
2005 1722 2075 1785 in
2100 1720 2389 1785 Africam

319 1822 602 1911 quietam
641 1816 916 1907 patriam
955 1822 1222 1888 transire
1266 1823 1569 1909 disponit.
1654 1820 1876 1900 CuiuS,
1924 1821 2074 1907 quia
2114 1840 2245 1884 non
2290 1822 2390 1884 est

315 1918 613 2005 liberum,
674 1920 1100 2009 quodcunque
1157 1920 1351 1988 homo
1412 1924 1549 1988 sine
1602 1925 1767 1986 nutu
1820 1920 1923 1985 dei
1976 1918 2385 2005 disposuerit,

317 2020 554 2087 fretum
591 2020 754 2085 illud
795 2020 1100 2088 horribile
1143 2021 1505 2109 aliquantas
1528 2041 1729 2087 naves
1774 2020 2133 2103 submersit,
2178 2018 2386 2106 pluri-

313 2139 455 2185 mas
515 2120 939 2185 conturbavit.
1037 2119 1183 2204 Qua
1253 2120 1641 2187 adversitate
1713 2120 2008 2207 repulsus
2060 2120 2382 2201 Alaricus,

313 2218 468 2283 dum
513 2236 728 2283 secum
745 2266 762 2300 ,
809 2217 965 2304 quid
1006 2224 1254 2304 ageret,
1324 2219 1738 2304 deliberaret,
1784 2219 1998 2285 subito
2040 2220 2384 2283 immatura

434 2340 465 2352 ἱ

313 2451 590 2504 ediderunt
622 2437 912 2503 Iordanem.
947 2478 1014 2490 -—
1047 2456 1105 2501 in
1135 2458 1395 2517 utrumque
1426 2454 1587 2521 latus)
1631 2454 1720 2505 Sic
1752 2471 1847 2521 pro
1879 2458 2008 2505 mter
2040 2462 2138 2509 uir.
2175 2458 2209 2504 l.
2245 2454 2383 2504 Pau.

312 2558 383 2573 —-
399 2539 599 2587 Brutia
631 2538 957 2603 accesserunt)
989 2537 1166 2587 Ambr.
1203 2552 1323 2587 eum
1356 2537 1435 2587 ed.
1458 2553 1537 2603 pr.
1560 2540 1752 2589 Bn‘eios
1784 2552 2003 2603 semper,
2036 2536 2130 2587 sed
2160 2538 2381 2601 Bruttios,

311 2620 454 2685 quod
485 2619 629 2683 Epit.
664 2620 916 2685 praefert,
953 2633 1067 2671 esse
1099 2620 1378 2685 legendum
1392 2656 1407 2683 ‚
1442 2610 1667 2673 coniecit
1696 2624 1803 2673 iam
1834 2622 2204 2686 Peutingerus3
2240 2634 2384 2671 rece·

309 2703 394 2769 pit
414 2718 529 2753 eam
551 2704 900 2757 coniecturam
919 2704 1218 2767 Rhenanus,
1255 2719 1321 2753 ex
1356 2704 1503 2755 cuius
1538 2704 1621 2757 ed.
1642 2705 1703 2755 in
1732 2709 1929 2757 ceteras
1952 2705 2119 2755 fiuxit.
2154 2703 2385 2753 Brutit’m

309 2791 491 2837 autem
523 2787 850 2846 scribendum
881 2787 952 2837 sit
983 2802 1052 2837 an
1085 2788 1309 2849 Bmtta‘i,
1344 2788 1695 2839 controversia
1726 2793 1807 2839 est
1837 2790 1974 2839 inter
2004 2789 2147 2839 virm
2180 2787 2379 2850 doctos,

311 2867 558 2921 Cluverio
591 2868 634 2917 1.
669 2869 734 2923 A.
765 2866 830 2919 L.
864 2868 958 2920 IV.
993 2884 1041 2923 e.
1073 2871 1154 2921 15.
1186 2885 1244 2935 p.
1274 2872 1422 2921 1283.
1459 2876 1513 2921 et
1544 2872 1837 2923 Tzschukio
1872 2872 1941 2923 ad
1974 2872 2099 2925 Mel.
2132 2871 2203 2934 11,
2238 2874 2290 2935 4,
2331 2874 2381 2921 1.

309 2950 452 3005 hanc
481 2952 788 3017 scripturam
820 2952 1122 3017 tuentibus,
1157 2957 1340 3003 eontra
1370 2954 1799 3007 Drakenborchio
1832 2956 1901 3005 ad
1934 2954 2027 3007 Sil.
2063 2956 2129 3007 It.
2165 2956 2259 3019 VI,
2296 2957 2381 3006 15.

307 3034 459 3087 illam
491 3026 808 3091 vindicante.
857 3062 926 3073 —
965 3042 1014 3085 et
1043 3036 1159 3085 inde
1191 3038 1261 3085 ad
1294 3036 1500 3100 Africae
1533 3044 1685 3088 terras
1717 3043 1932 3089 transm
1963 3037 2253 3101 deliberant)
2290 3036 2383 3089 Sic

306 3118 445 3172 Pall.
481 3118 574 3173 sed
607 3119 687 3169 ed.
711 3120 830 3169 Par.
863 3136 922 3169 m
952 3120 1156 3182 Africae
1188 3127 1372 3183 teu-rau
1408 3138 1455 3171 v.
1492 3124 1665 3173 exinde
1696 3123 1765 3171 ad
1795 3122 2025 3185 Africam
2056 3124 2267 3175 traruire
2299 3120 2383 3175 de-

309 3199 545 3257 uberum,
595 3230 658 3241 -·
709 3206 766 3253 in
779 3204 1026 3266 -fim’bm
1059 3208 1270 3255 australi
1300 3208 1591 3256 interiacens
1616 3208 1776 3271 parti,
1812 3209 2023 3269 amalus
2036 3202 2257 3269 -Ῑασίθ
2288 3203 2377 3253 Ita

306 3284 460 3339 Pall.
479 3301 597 3337 eum
630 3286 747 3341 edd.
769 3286 886 3336 Par.
915 3292 972 3337 et
994 3286 1169 3340 Gai-et.
1202 3287 1297 3338 sed
1327 3288 1485 3353 vulgo
1518 3288 1671 3339 aliter
1702 3294 1757 3339 et
1788 3288 1981 3355 legitur
2009 3293 2067 3338 et
2100 3286 2377 3353 distingui-

307 3372 412 3431 tur,
445 3370 765 3433 iva—finibus
796 3373 1104 3434 iamenu,
1131 3376 1280 3433 parte
1312 3375 1611 3435 anyulorum
1621 3372 1839 3436 -fact't.
1874 3399 1943 3411 -
1972 3368 2124 3437 facit)
2158 3369 2248 3423 Sic
2274 3374 2381 3437 pro

300 3451 430 3517 fecit
475 3453 700 3517 primum
747 3454 805 3503 in
843 3453 924 3504 ed.
957 3454 1072 3507 Par.
1109 3454 1303 3519 legitur
1316 3492 1330 3521 ,
1382 3456 1791 3521 astipulantibus
1822 3456 1958 3507 Pall.
1991 3483 2057 3495 -
2112 3460 2245 3518 velut
2276 3459 2377 3505 lin-

305 3532 434 3601 συα)
483 3534 573 3587 sio
603 3552 698 3601 pro
729 3538 870 3603 vulg.
901 3543 960 3587 ut
991 3538 1124 3589 Pall.
1157 3568 1226 3579 --
1255 3554 1293 3589 a
1324 3539 1527 3606 Brutia)
1564 3541 1739 3593 Ambr-
1775 3554 1811 3588 a
1843 3541 2049 3605 Bada,
2102 3537 2185 3591 ed.
2220 3553 2301 3605 pr.
2336 3554 2375 3588 a

309 3614 514 3679 Βήῆας
545 3620 759 3685 vulgata
790 3636 826 3669 a
855 3622 1041 3671 Brutia
1073 3636 1109 3673 a
1140 3620 1395 3673 Rhenano
1429 3628 1522 3675 est.
