2567 4084
1167 145 1171 153 '
1253 132 1377 198 104

279 312 404 377 bus
449 330 740 397 quoque,
787 310 958 395 quod
1001 312 1347 395 imperator
1388 311 1454 375 in
1498 316 1625 391 tam
1672 310 1783 374 vili
1826 311 2041 377 casula
2086 310 2349 379 delites·

282 416 470 495 ceret,
513 411 762 491 Gothis,
806 411 1100 495 igneque,
1145 416 1216 475 ut
1253 408 1487 475 assolet
1516 409 1835 484 saeviente
1865 407 2141 492 inimico,
2186 428 2347 494 sup·-

279 510 514 595 posito,
557 531 701 576 cum
743 510 938 593 regali
972 530 1208 594 pompa
1240 516 1551 575 crematus
1582 500 1697 590 est,
1743 508 1915 574 haud
1946 528 2124 573 secus
2152 526 2349 593 quam

281 608 384 673 dei
412 627 674 693 prorsus
705 609 962 689 iudicio,
1009 615 1080 672 ut.
1123 608 1206 672 ab
1251 610 1409 694 ipsis
1450 608 1597 691 igne
1640 608 2133 686 combureretur,
2180 626 2343 691 quos

276 707 416 793 ipse
461 727 678 771 veram
719 709 909 773 fidem
953 714 1240 791 potentes
1300 707 1365 792 in
1421 706 1751 791 perfidiam
1812 707 2218 787 declinasset,
2280 711 2345 771 et

277 808 492 891 ignem
549 810 828 873 caritatis
893 808 973 870 ad
1033 807 1363 889 gehennae
1417 806 1629 889 ignem
1692 806 2075 873 detorsisset.
2194 804 2343 888 Quo

275 912 563 993 tempore
609 906 1030 989 Vesegothae-
1055 906 1365 969 Thracias
1404 905 1801 991 Daciamque
1844 906 2155 990 ripensem
2194 909 2345 991 post

275 1009 437 1072 tanti
479 1008 746 1091 gloriam
793 1006 1058 1091 tropaei,
1106 1013 1427 1091 tamquam
1474 1005 1610 1071 solo
1653 1004 1914 1087 genitali
1940 1004 2148 1090 potiti,
2192 1022 2343 1067 coe-

273 1113 506 1194 perunt
553 1106 848 1173 incolere.

443 1206 730 1271 XXVII.
820 1204 956 1269 Sed·
1001 1205 1369 1269 Theodosio
1428 1204 1511 1268 ab
1566 1204 1878 1290 Hispania
1938 1222 1979 1266 a
2038 1200 2342 1265 Gratiano

275 1302 904 1393 imperatore'eleeto
949 1314 1011 1369 et
1054 1306 1120 1367 in
1165 1304 1454 1368 orientali
1491 1304 1852 1389 principatu
1870 1302 2020 1367 loco
2049 1298 2352 1367 Valentis,

275 1408 488 1493 patrui
531 1407 880 1489 subrogato
899 1454 915 1484 .,
988 1404 1371 1491 militarique
1417 1403 1753 1488 disciplina
1795 1423 1946 1467 mox
1987 1402 2055 1465 in
2092 1398 2344 1465 vmeliori

275 1512 448 1573 statu
488 1507 788 1592 reposita,
835 1504 1157 1589 ignaviam
1201 1504 1485 1589 priorum
1527 1503 1885 1587 principum
1930 1506 1993 1564 et
2035 1498 2347 1563 desidiam

275 1606 600 1671 exclusam
647 1605 896 1693 Gothus
940 1611 1011 1670 ut
1055 1605 1282 1687 sensit,
1345 1602 1689 1689 pertimuit.
1776 1601 1939 1665 Nam
1999 1600 2347 1684 imperator

275 1707 406 1771 acri
451 1706 707 1770 omnino
754 1706 1008 1788 ingenio
1054 1704 1415 1789 virtuteque
1460 1708 1521 1767 et
1564 1700 1829 1767 consilio
1882 1700 2109 1782 claruS,
2153 1716 2346 1783 prae-

276 1810 604 1891 ceptorum
651 1807 988 1870 severitate
1035 1810 1098 1869 et
1141 1803 1523 1869 liberalitate
1566 1802 2002 1886 blanditieque
2063 1817 2177 1863 sua
2233 1817 2349 1861 re·-

277 1905 538 1969 missum
603 1906 948 1969 exercitum
1018 1904 1102 1968 ad
1157 1902 1343 1967 fortia
1394 1902 1789 1989 provocavit.
1879 1904 1967 1965 At
2021 1919 2173 1963 vero
2230 1896 2352 1961 ubi

274 2006 504 2069 milites
549 2006 834 2091 principe
877 2004 1138 2069 melior-e
1166 2008 1409 2067 mutato
1440 2002 1737 2067 fiduciam
1765 2004 2164 2085 aeceperunt,
2211 1996 2350 2061 Go-

277 2196 339 2209 ·-
375 2155 712 2234 ignorantibus
744 2190 934 2236 quoque,
969 2174 1118 2234 quod)
1154 2169 1284 2222 Rod.
1324 2186 1441 2219 cum
1467 2169 2079 2231 Exc.·iymrantibm‹1ue3
2117 2164 2196 2215 ed.
2219 2165 2349 2213 Lin-

275 2254 430 2306 denb.
463 2256 798 2317 imum-antibus
832 2256 973 2317 quod.
997 2282 1062 2291 -
1095 2258 1310 2316 imoque,
1344 2260 1401 2301 ut
1434 2258 1613 2303 assolet
1644 2258 1885 2303 saeviente
1916 2254 2133 2310 inirm'co,
2155 2263 2349 2309 ,suppo-

273 2336 390 2403 sito)
445 2337 533 2389 Sic
568 2340 936 2402 praeeuntibus
969 2337 1100 2389 Pall.
1142 2341 1194 2385 et
1227 2336 1307 2386 ed.
1344 2352 1421 2401 pr.
1457 2336 1750 2401 legendum,
1786 2351 1891 2385 non
1924 2334 1985 2381 ab
2020 2335 2223 2381 inimico
2255 2330 2349 2379 ad·-

277 2420 387 2470 dita
419 2423 802 2485 praepositione
823 2460 836 2485 ,
875 2437 1006 2485 quae
1039 2423 1257 2485 primum
1292 2420 1464 2469 in-ed.
1500 2420 1716 2470 Leunel.
1750 2418 1951 2469 visitur.
1984 2415 2102 2465 Iuvi
2134 2414 2349 2477 insuper

271 2506 445 2555 locum
479 2506 810 2555 distinctione
843 2512 1068 2566 mutata3
1123 2520 1244 2553 nam
1279 2506 1438 2569 vulgo
1472 2506 1547 2553 ita
1584 2503 1775 2565 legitur
1820 2500 2115 2550 distinctum
2146 2501 2349 2558 iyneque

278 2593 357 2647 (ut
391 2593 592 2647 assolet)
644 2596 885 2639 saeviente
925 2592 987 2637 ab
1038 2593 1242 2639 >inimico
1285 2592 1555 2651 supposito,
1604 2614 1673 2623 —
1729 2582 2035 2647 Veseyothae)
2082 2580 2189 2645 Mg.
2224 2578 2344 2627 Par.

280 2673 614 2732 wissiqothue.
643 2700 710 2709 —
734 2674 945 2736 tropaei)
981 2670 1154 2720 Ambr.
1190 2674 1446 2733 triumphi.
1484 2669 1703 2718 Perinde
1728 2674 1819 2730 est,
1845 2664 2147 2716 utrumlibet
2168 2662 2343 2725 legas:

271 2767 395 2800 nam
435 2758 654 2815 utraque
694 2770 822 2803 voce
865 2756 984 2817 plus
1025 2754 1186 2803 semel
1231 2768 1327 2817 pro
1374 2754 1591 2802 victoria
1624 2752 1789 2801 utitur
1820 2749 2068 2799 Iordanis.
2134 2740 2348 2795 Permu-

270 2834 384 2882 tata
431 2840 603 2884 autem
649 2837 781 2884 alias
828 2849 1034 2899 quoque
1077 2836 1299 2883 inveniri
1331 2836 1463 2884 haec
1494 2834 1751 2884 vocabula
1782 2833 1988 2882 docebit
2018 2830 2349 2879 Burmannus

273 2916 343 2966 ad
376 2916 648 2967 claudian.
683 2918 780 2965 III.
819 2919 966 2969 Cons.
1007 2918 1230 2967 Honorii
1257 2935 1309 2970 v,
1348 2921 1463 2969 146.

406 2999 534 3063 Cap.
569 3000 790 3048 XXVII.
869 3003 1132 3050 Theodosio
1151 3030 1216 3039 —-
1235 3017 1268 3049 a
1307 3004 1549 3052 Gratiano
1598 3004 1743 3049 electo
1794 3005 1839 3049 et
1858 3026 1916 3035 -
1934 2994 2215 3061 subroyato)
2252 2992 2347 3044 Sic

273 3085 466 3147 optime
501 3084 676 3133 Ambr.
715 3098 828 3131 cum
865 3084 945 3135 ed.
979 3083 1096 3132 Par.
1133 3099 1337 3133 necnon
1375 3085 1508 3133 Pall.
1544 3084 1646 3133 nisi
1680 3082 1816 3147 quod
1848 3084 1906 3131 hi
1946 3085 2215 3134 Gratianus
2246 3082 2348 3127 im-

267 3174 471 3231 perator
507 3168 711 3227 sistunt,
749 3168 884 3229 quod
917 3172 1202 3217 structurae
1236 3176 1521 3232 repugnat3
1556 3183 1607 3219 v,
1637 3158 1960 3216 Theodosium
1993 3166 2056 3213 ab
2091 3166 2343 3225 Hispania

273 3252 544 3299 Gratianus
586 3252 854 3311 imperator
893 3254 1108 3301 electum·
1146 3258 1200 3301 in
1253 3256 1485 3302 orientali
1522 3256 1813 3315 principatu
1845 3254 1951 3299 loco
1989 3248 2207 3298 Valentis
2242 3258 2339 3307 pa-
2368 3256 2377 3263 ·

271 3336 373 3381 imi
405 3334 651 3395 συὸς-ορατ.
699 3360 761 3370 -
805 3342 1178 3399 prqeceptorum
1211 3340 1469 3385 severitate
1484 3364 1552 3373 —
1568 3338 1872 3397 provocavit)
1908 3333 1990 3381 Ita
2024 3328 2340 3380 emendatior

269 3415 382 3465 Pal.
420 3416 512 3466 sed
545 3416 626 3465 ed.
653 3431 729 3479 pr.
767 3432 880 3465 cum
907 3425 1278 3480 praeceptorum
1316 3423 1571 3468 severitate
1588 3445 1653 3457 -
1666 3420 1964 3480 provocarat
1977 3451 1991 3474 ,
2028 3426 2163 3477 quae
2182 3406 2338 3459 leonio

271 3504 326 3547 et
355 3500 474 3563 ipsa
506 3514 612 3549 non
645 3499 935 3563 respuenda
948 3538 962 3564 ‚
997 3502 1148 3551 modo
1183 3518 1296 3550 cum
1328 3502 1639 3551 vocabulum
1671 3516 1764 3564 pro
1798 3496 2201 3563 praepositione,
2235 3504 2339 3539 1011

271 3594 366 3645 pro
399 3583 762 3633 coniunctione
797 3584 991 3648 capias,
1031 3583 1165 3648 quod
1199 3584 1323 3633 feeit
1353 3584 1717 3646 Leunclavius,
1750 3586 2047 3645 provocarat
2077 3581 2133 3629 in
2165 3586 2341 3639 provo-

275 3669 406 3713 earet
424 3671 644 3729 mutans,
681 3667 818 3731 quod
849 3682 1026 3720 omnes
1057 3681 1226 3732 paene
1261 3665 1377 3715 edd.
1411 3668 1743 3731 insequentes
1778 3660 1995 3717 obsedit.
2021 3690 2089 3702 --
2120 3656 2335 3723 museto)
