2567 4084
1338 127 1421 190 26

345 310 556 376 cuitus
597 329 901 394 passuum
945 313 1198 374 centum
1227 307 1647 394 quadraginta
1686 312 1960 393 quatuor
1994 305 2211 391 millia,
2246 327 2415 372 nus-—

347 428 540 494 quam
583 414 726 474 octo
756 408 924 474 ulnis
955 406 1146 474 altius
1183 407 1590 474 subsidentis.
1654 406 1732 472 In
1764 426 1889 493 qua
1912 405 2179 490 Scythia
2204 407 2417 493 prima

344 508 429 573 ab
467 507 796 574 occidente
825 527 982 592 gens
1003 507 1239 572 residet
1262 505 1675 592 Gepidarum,
1706 525 1870 592 quae
1898 505 2146 590 magnis
2183 506 2415 592 opina-

343 605 554 693 tisque
607 605 888 672 ambitur
941 605 1329 672 fluminibus.
1416 605 1581 670 Nam
1639 604 1819 670 Tisia
1873 624 1988 691 per
2044 604 2414 691 aquilonem

344 706 480 772 eius
534 724 878 792 corumque
935 704 1268 790 discurrit3
1350 705 1434 770 ab
1491 703 1688 770 africo
1740 723 1893 770 vero
1948 723 2216 790 magnus
2267 705 2414 792 ipse

343 804 706 887 Danubius,
753 804 838 869 ab
883 823 1000 870 eoo
1044 804 1277 870 fluvius
1323 803 1555 870 Tausis
1600 808 1803 886 secat,
1864 803 1973 889 qui
2026 802 2289 890 rapidus
2331 823 2412 870 ac

344 900 701 969 verticosus
746 904 810 968 in
853 903 1058 970 Histri
1099 904 1340 970 fluenta
1382 904 1597 969 lurens
1642 901 2021 968 devolvitur.
2087 902 2411 970 Introrsus

339 1000 435 1066 illi
477 1001 683 1067 Dacia
725 1007 854 1085 est,
909 1002 993 1068 ad
1035 1021 1310 1069 coronae
1351 1003 1630 1089 speciem
1671 1001 1885 1066 arduis
1930 998 2183 1087 alpibus
2226 1022 2410 1068 emu-

339 1100 505 1184 nita,
564 1101 744 1167 iuxta
787 1121 1057 1192 quorum
1103 1103 1428 1168 sinistrum
1472 1101 1671 1183 latuS,
1718 1100 1890 1186 quod
1932 1101 2000 1165 in
2043 1101 2409 1188 aquilonem

339 1200 567 1284 vergit,
613 1205 677 1266 et
717 1199 801 1266 ab
847 1209 992 1267 ortu
1032 1201 1329 1268 Vistulae
1371 1200 1647 1266 fluminis
1696 1220 1810 1286 per
1851 1200 2159 1266 immensa
2199 1199 2409 1286 spatia

338 1297 734 1366 Venetarum
794 1301 970 1366 natio
1033 1301 1353 1388 populosa
1414 1301 1720 1368 consedit.
1800 1299 2088 1384 Quorum
2146 1299 2408 1364 nomina

341 1469 406 1478 .—

335 1579 582 1630 passuum
617 1570 696 1616 est
739 1580 895 1630 quam
940 1582 1091 1632 quem
1133 1568 1292 1634 vulgo
1336 1567 1563 1632 produnt
1593 1572 1811 1632 veteres,
1850 1567 1963 1618 sive
1992 1566 2228 1618 Iordanis
2257 1568 2413 1632 lapsu

336 1646 448 1698 sive
487 1647 812 1698 librariorum
857 1649 1146 1700 oscitantia.
1217 1681 1280 1692 -
1350 1657 1457 1702 octo
1506 1655 1640 1701 ulvae
1680 1647 1855 1716 altius)
1888 1650 1995 1716 ΜΒ.
2028 1651 2160 1706 Par.
2202 1657 2407 1716 septem,

335 1744 492 1794 quam
533 1730 812 1782 lectionem
853 1732 1150 1796 reciperem,
1195 1735 1241 1783 si
1285 1738 1560 1798 constaret,
1603 1733 1895 1799 Polybium,
1942 1749 2102 1798 quum
2146 1750 2243 1786 sua
2286 1749 2409 1784 con-

334 1811 582 1864 scriberet
639 1813 752 1862 sive
806 1813 1140 1866 Cassiodorus
1205 1817 1317 1865 sive
1372 1815 1634 1881 Iordanis,
1689 1817 2021 1868 obversatum
2074 1831 2189 1868 esse
2242 1817 2411 1870 oeulis

332 1894 488 1946 unius
521 1895 836 1948 alteriusve:
883 1895 976 1948 ille
1007 1898 1146 1948 enim
1175 1897 1270 1960 IV,
1306 1899 1398 1962 40,
1432 1899 1481 1949 8.
1518 1893 1582 1952 τό
1614 1897 1676 1952 δὲ
1696 1898 1963 1958 ,πλεῖστον
1991 1891 2159 1965 αὐτῆς
2188 1894 2409 1960 (Μαιώ-

331 1973 508 2035 τιδος)
559 1975 731 2047 μέρος
785 1973 846 2030 ἐν
897 1973 1037 2030 ἑπτά
1087 1979 1180 2030 καὶ
1217 1977 1377 2032 πέντε
1418 1974 1667 2052 ὀργυιαῖς
1710 1979 1871 2034 ἐστιν.
1954 2009 2017 2020 ——
2084 1983 2405 2050 subsidentis)

329 2057 488 2108 Hanc
528 2059 806 2110 lectionem
848 2063 1046 2127 recepit
1088 2065 1284 2127 primus
1328 2079 1357 2114 e
1398 2065 1503 2130 Mg.
1538 2066 1660 2118 Par.
1698 2066 2031 2130 Vul-canius,
2070 2081 2227 2131 quum
2268 2068 2409 2130 prio-

329 2155 414 2192 res
459 2141 576 2192 edd.
625 2144 946 2206 subsidentes,
993 2146 1133 2210 quod
1171 2146 1347 2198 Ambr.
1398 2162 1603 2212 quoque
1632 2149 1876 2213 praefert,
1930 2149 2303 2200 exhibuissent.
2339 2177 2407 2188 —

329 2226 530 2286 residet)
565 2223 654 2276 Sic
687 2225 795 2291 ΜΒ.
829 2227 948 2280 Par.
983 2232 1186 2293 tempus
1217 2245 1461 2296 praesens
1494 2231 1741 2282 exhibent
1770 2232 1900 2284 Exc.
1936 2247 2143 2297 quoque
2187 2237 2240 2282 et
2260 2232 2406 2296 Epit.

329 2325 380 2358 v.
425 2309 552 2358 aedit
567 2329 587 2370 ,·
631 2310 872 2374 pessime.
941 2311 1058 2376 Quo
1101 2313 1240 2364 enim
1283 2319 1517 2378 tempore
1558 2314 1817 2367 scribebat
1859 2315 2111 2380 Iordanis,
2157 2315 2411 2366 tenebant

329 2404 419 2442 eas
433 2427 447 2454 ,
497 2405 634 2456 quae
675 2392 764 2444 hic
809 2393 1169 2446 deseribuntur
1182 2433 1196 2460 ,
1247 2396 1395 2448 sedes
1430 2395 1691 2461 Gepidae3
1739 2399 1886 2450 cuius
1919 2400 2013 2463 rei,
2068 2403 2130 2450 ut
2160 2400 2409 2462 aequales

323 2479 519 2539 nostro,
566 2475 875 2540 Procopium
919 2483 972 2530 et
1001 2478 1252 2530 Ioannem
1272 2479 1497 2546 Lydum,
1530 2483 1791 2554 wmittam,
1834 2482 1949 2546 ipse
1990 2483 2093 2532 sibi
2136 2483 2285 2534 testis
2326 2490 2407 2534 est

323 2555 562 2609 Iordanis
605 2559 743 2610 infra
783 2575 901 2626 epp.
947 2563 1026 2612 12.
1072 2564 1155 2615 22.
1207 2565 1320 2616 50..
1360 2593 1425 2604 —-
1492 2563 1660 2632 Tisia)
1707 2565 1797 2616 Sic
1838 2580 1933 2630 pro
1977 2565 2119 2630 vulg.
2172 2567 2406 2616 iwanum

325 2639 460 2690 Pall.
495 2641 675 2706 itaque
707 2657 1010 2707 expressum
1039 2650 1254 2698 recurrit
1283 2648 1427 2698 idem
1458 2664 1648 2698 nomen
1679 2649 1817 2699 inira
1840 2665 1886 2701 e.
1910 2651 1992 2700 34.
2020 2679 2077 2688 —
2116 2652 2402 2714 corumque)

324 2722 412 2773 Ita
447 2739 478 2774 e
513 2725 618 2788 Mg.
653 2723 872 2778 Leuncl.
905 2728 992 2776 vel
1022 2728 1140 2782 Par.
1171 2731 1369 2794 primus
1390 2731 1535 2782 dedit
1554 2733 1857 2795 Vulcanius,
1894 2731 2011 2786 edd.
2034 2733 2406 2784 vetustioribus

328 2808 634 2869 chorumque
673 2809 1099 2870 praeferentibus.
1167 2839 1236 2850 —
1299 2814 1362 2860 ab
1400 2815 1509 2876 eoo)
1547 2814 1634 2866 Sic
1682 2830 1777 2879 pro
1816 2815 1958 2880 vulg.
2008 2817 2073 2864 ab
2114 2831 2229 2866 euro
2266 2817 2401 2868 Pall-

323 2904 444 2940 cnm
477 2890 584 2956 Mg.
619 2891 740 2944 Par.
780 2916 848 2928 —-
883 2893 1065 2955 fluvius
1106 2895 1282 2944 Tamis
1320 2895 1473 2962 secat)
1508 2897 1639 2948 Pau.
1676 2900 1927 2948 Humanis
1958 2906 2107 2958 secat,
2146 2899 2253 2964 ΜΒ.
2278 2899 2398 2950 Par.

319 2974 543 3038 fluitans,
569 2971 906 3038 Geographus
931 2973 1059 3025 Rav.
1083 2976 1176 3042 IV,
1195 2981 1272 3028 14.
1298 2993 1327 3027 e
1349 2985 1523 3030 nostro
1540 2980 1721 3044 fluvius
1738 2981 1999 3042 Flammis,
2014 2981 2157 3045 Epit.
2174 2983 2401 3046 Thau-sis,

324 3071 547 3121 quarum
580 3056 863 3108 lectionum
899 3059 1098 3110 nullam
1128 3062 1264 3112 bene
1300 3063 1518 3126 habere,
1570 3063 1739 3127 quivis
1774 3063 1933 3116 videt.
1994 3063 2163 3128 Igitur
2194 3065 2241 3113 si
2279 3080 2403 3116 con-

320 3140 554 3192 iecturae
589 3138 750 3202 locus,
790 3155 888 3205 ego
921 3141 1057 3196 Pall.
1089 3147 1314 3196 maxime
1344 3147 1579 3212 vestigiis
1610 3147 1871 3210 insistens,
1906 3146 2085 3197 divisis
2108 3161 2242 3211 quae
2262 3149 2403 3198 male

219 3276 227 3280 .
317 3224 534 3276 iunctae
563 3223 620 3274 in
653 3223 721 3274 iis
756 3224 1001 3288 leguntur
1041 3228 1282 3293 syllabis,
1315 3230 1466 3278 Ruta
1498 3235 1553 3280 et
1583 3233 1701 3294 usis,
1740 3229 2107 3294 dissolutisque
2140 3243 2275 3293 quae
2316 3246 2401 3288 co-

319 3307 561 3358 aluerant
605 3310 754 3358 Ruta
797 3308 856 3358 in
896 3310 942 3372 s.
974 3311 1147 3375 Acuta,
1181 3313 1355 3362 locum
1386 3313 1463 3362 ita
1508 3314 1723 3379 legerim
1756 3314 1940 3378 fluvius
1980 3313 2137 3362 Alata
2172 3314 2399 3364 dissecat.

318 3417 388 3429 —
418 3390 720 3458 devolvitur)
769 3391 871 3444 Ed.
919 3408 996 3457 pr.
1045 3396 1315 3445 divolvitur
1324 3415 1346 3456 ;
1380 3397 1677 3448 emendavit
1718 3397 2016 3450 Rhenanus.
2060 3425 2128 3438 —-
2160 3400 2225 3448 ab
2258 3400 2397 3464 orm)

317 3473 426 3538 Mg.
458 3473 578 3524 Par.
617 3474 681 3522 ab
715 3481 870 3531 ααὶιι.
904 3503 973 3514 -
1045 3479 1339 3528 Venetorum
1371 3479 1537 3548 natio)
1580 3480 1669 3533 Sic
1698 3481 1875 3534 Ambr.
1911 3497 2029 3534 cum
2058 3481 2263 3534 Monac.
2294 3483 2399 3534 nisi

320 3558 494 3608 mavis
533 3561 838 3623 Venetorum,
874 3565 932 3609 ut
961 3561 1099 3610 infra
1131 3577 1176 3614 e.
1201 3564 1284 3612 23.
1321 3564 1413 3614 sed
1444 3564 1579 3614 Pall.
1620 3567 1964 3626 Venestorum,
2000 3567 2105 3631 Mg.
2143 3565 2261 3618 Par.
2301 3567 2395 3616 Ve-

311 3642 595 3707 nefico-um,
617 3643 743 3694 Exc.
770 3657 884 3694 cum
901 3643 1034 3696 Rod.
1061 3646 1391 3709 Venestorum,
1412 3646 1554 3712 Epit.
1576 3653 1847 3713 undarum,
1868 3651 2023 3704 Bonf.
2053 3651 2393 3713 vanidarm3
