2567 4084
1308 131 1395 197 80

318 316 494 382 trans
551 310 754 397 Alpes
808 310 878 377 in
931 312 1242 380 Moesiam
1292 313 1729 399 proturbavit,
1756 315 1764 321 ’
1790 313 1905 379 ubi
1958 318 2113 379 tunc
2152 312 2383 381 Gallus

319 411 452 479 dux
509 411 726 477 limitis
779 431 924 477 cum
973 412 1260 499 plurima,
1307 432 1503 480 manu
1557 412 1933 479 bellantium
1974 414 2381 497 morabatur-3

319 510 712 597 collectoque
753 516 884 577 tam
925 511 1158 580 exinde
1201 531 1394 598 quam
1438 511 1521 577 de
1562 512 1773 578 Eusco
1794 546 1797 553 ·
1819 513 2137 596 exercitu,
2180 512 2385 579 futuri

301 610 470 677 'belli
513 632 582 676 se
624 616 821 701 parat(
848 612 912 675 in
958 612 1180 679 aciem.
1268 611 1475 679 Cniva
1528 630 1683 677 vero
1744 610 1854 677 diu
1898 612 2227 681 obsessam
2270 614 2383 679 in·-

315 708 496 774 vadit
521 710 1042 796 Philippopolim,
1085 712 1454 797 praedaque
1488 712 1751 796 potitae,
1799 713 2087 779 Priscum
2131 714 2381 799 ducem,

319 808 429 893 qui
458 808 681 893 inerat,
727 808 850 874 sibi
877 810 1249 891 foederavit,
1297 811 1479 897 quasi
1515 830 1657 875 cum
1688 812 1893 878 Decio
1928 820 2380 898 pugnaturum.

315 905 792 993 Venientesque
848 909 932 973 ad
977 911 1377 991 conflictum,
1436 910 1607 985 illico
1650 911 1836 975 Decii
1892 912 2096 977 filium
2150 913 2385 995 sagitta

319 1006 604 1074 saucium
633 1008 870 1073 crudeli
899 1008 1117 1076 funere
1147 1010 1539 1075 confodiunt.
1626 1010 1817 1095 Quod
1861 1018 2042 1098 pater
2086 1010 2385 1079 animad-

318 1112 610 1190 vertens,
667 1107 831 1189 :licet
907 1110 989 1173 ad
1063 1111 1513 1176 confortandos
1600 1113 1846 1177 animos
1920 1112 2189 1177 militum
2276 1111 2385 1175 di-

166 1232 172 1241 ·
223 1230 239 1239 ”
314 1204 492 1271 xisse
536 1205 762 1271 fertur:
817 1227 1003 1272 nemo
1050 1208 1372 1292 tristetur,
1432 1210 1727 1293 perditio„
1765 1212 1953 1277 unius
1998 1210 2211 1275 militis
2256 1231 2389 1276 non

319 1309 451 1394 θεῖ’-κ
473 1304 862 1392 reipublicae
921 1306 1256 1373 diminutio
1277 1356 1295 1389 ,
1367 1315 1579 1373 tamen
1638 1316 1903 1394 paterno
1964 1310 2196 1375 affeetu
2255 1329 2391 1375 non

318 1403 546 1487 serene,
592 1404 809 1469 hostes
836 1405 1106 1487 invadit,
1153 1413 1260 1472 aut
1296 1415 1559 1471 mortem
1606 1416 1717 1471 aut
1760 1408 2067 1475 ultionem
2112 1410 2226 1473 filii
2271 1429 2390 1473 ex-

317 1523 610 1591 poscens,
655 1505 1043 1591 veniensque
1087 1506 1170 1570 ad
1214 1506 1497 1589 Abritto,
1542 1506 1823 1571 Moesiae
1868 1509 2215 1591 civitatem,
2260 1508 2390 1573 cir-

288 1721 537 1786 ‘videtur,
575 1736 708 1786 quae
743 1727 819 1773 est
847 1723 1064 1771 Emeum
1097 1724 1206 1773 sive
1237 1726 1449 1773 Eosoum
1496 1724 1582 1787 (ut
1616 1730 1671 1773 et
1708 1727 2030 1775 Theuderieus
2081 1729 2133 1774 et
2172 1726 2393 1775 Theode-

317 1807 448 1853 ricus
471 1802 680 1871 legitur)
713 1820 807 1869 pro
835 1806 980 1855 Oesco
1003 1806 1218 1855 Ptolem.
1243 1806 1341 1870 111,
1376 1809 1455 1871 10,
1485 1809 1565 1856 10.
1602 1814 1655 1857 et
1676 1810 1827 1857 Escus
1851 1808 1909 1860 in
1932 1808 2120 1857 stul.
2146 1808 2389 1873 Peuting.

317 1888 470 1953 plura
503 1879 677 1937 tamen
713 1888 778 1937 de
811 1889 1067 1953 scriptura
1097 1892 1323 1939 nominis
1356 1892 1459 1950 alio
1495 1891 1610 1941 loco
1646 1890 1921 1943 dabuntur,
2002 1890 2155 1951 Quod
2186 1891 2255 1939 ad
2286 1892 2395 1941 lec·

319 1971 514 2021 tionem
542 1974 776 2021 Tusciam
808 1973 894 2022 vel
922 1974 1185 2023 Thraeciam
1219 1976 1423 2037 attinet,
1460 1974 1615 2023 debet
1648 1990 1711 2023 ea
1748 1975 1973 2025 librariis
1996 1975 2262 2039 originem,
2302 1975 2398 2037 qui

315 2054 530 2119 Alpium
563 2058 827 2105 mentione
858 2055 1052 2104 iniecta
1087 2056 1152 2105 de
1178 2057 1339 2107 Italia
1375 2059 1677 2123 cogitantes,
1714 2074 1901 2107 nomen
1933 2058 2059 2121 ipsis
2091 2057 2393 2107 inauditum

319 2137 377 2187 in
410 2140 582 2189 notius
617 2140 820 2202 reique,
837 2144 921 2203 *utI
947 2139 1076 2203 ipsis
1107 2138 1408 2201 videbatur,
1452 2127 1615 2204 magis
1648 2140 2063 2203 accomodatum,
2111 2146 2397 2195 mutarent.

321 2221 507 2285 Neque
539 2221 708 2271 minus
742 2221 896 2271 lectio
929 2223 1233 2271 Thessaliam
1269 2222 1338 2271 ab
1373 2223 1485 2285 ipso
1516 2222 1721 2279 videtur
1746 2238 1857 2273 esse
1878 2224 2109 2288 profecta
2130 2200 2391 2287 Bonfin'io,

323 2304 416 2367 qui
459 2308 512 2353 et
555 2304 670 2368 ipse
712 2304 852 2370 quod
899 2320 1086 2355 nomen
1129 2305 1262 2355 liber
1306 2319 1430 2355 suus
1470 2306 1745 2369 offerebat,
1791 2322 1895 2355 non
1932 2312 2291 2371 concoqueret.
2326 2332 2397 2345 —-

323 2389 424 2437 dux
456 2386 654 2463 limitis)
697 2388 780 2437 Ita
815 2389 1007 2453 optime
1059 2404 1152 2452 pro
1187 2388 1412 2437 lectione
1458 2387 1648 2452 ed..pr.
1684 2393 1859 2439 militis
1892 2390 2203 2439 Rhenanus:
2247 2390 2395 2439 duces

323 2472 461 2521 enim
497 2472 750 2521 limitibus
783 2471 1072 2536 praefuisse
1105 2472 1393 2522 inclinante
1427 2472 1644 2535 imperio
1679 2474 1851 2522 notius
1884 2477 1963 2521 est
1995 2486 2024 2521 e
2058 2472 2397 2535 scriptoribus

320 2553 588 2604 Historiae
611 2556 881 2619 Augustae
917 2561 969 2605 et
1003 2556 1200 2605 Notitia
1234 2555 1441 2619 imperii
1487 2570 1638 2619 quam
1684 2556 1823 2619 quod
1854 2556 2027 2605 multis
2060 2556 2270 2619 probari
2306 2555 2397 2603 de-

319 2638 458 2687 beat.
497 2665 557 2673 —
605 2638 664 2687 de
697 2636 876 2705 Emco)
923 2638 1010 2688 Sic
1044 2639 1176 2690 Pan.
1213 2640 1315 2689 etsi
1358 2640 1496 2689 alter
1530 2638 1804 2687 emendata
1826 2657 1850 2684 ,κ
1888 2638 2080 2687 habeat
2122 2640 2180 2687 de
2219 2639 2397 2697 Tusco,

322 2736 440 2769 cum
473 2722 618 2785 prius
649 2721 833 2771 fuisset
855 2724 1042 2771 denseo.
1079 2722 1252 2786 vulgg.
1294 2724 1353 2771 de
1385 2725 1534 2771 hoste.
1565 2720 1773 2771 GRUT.
1806 2721 1983 2775 Ambr.
2008 2722 2241 2783 Edemco,
2278 2720 2395 2771 eod.

319 2804 550 2854 Florent.
586 2820 642 2853 ex
674 2806 867 2853 deusca.
894 2830 961 2841 --
993 2820 1044 2853 se
1071 2811 1226 2867 parat
1257 2808 1313 2853 in
1346 2810 1527 2863 aciem)
1564 2805 1647 2854 Ita
1678 2805 1809 2853 Pau.
1846 2819 2015 2868 neque
2048 2804 2209 2851 multo
2243 2802 2400 2851 aliter

321 2886 496 2937 Ambr.
531 2904 582 2935 se
611 2886 952 2950 praeparabat
983 2890 1038 2935 in
1060 2891 1235 2947 aciem3
1269 2904 1321 2940 v.
1344 2893 1547 2950 reparat
1568 2891 1741 2935 aciem.
1770 2914 1830 2923 -—
1862 2884 2225 2951 puynatumm)
2259 2884 2397 2937 Rod.

315 2978 644 3035 puynatums.
670 2997 732 3007 --
757 2972 942 3019 crudeli
959 2970 1156 3037 funere)
1192 2972 1342 3020 Haec
1376 2978 1454 3023 est
1482 2972 1637 3037 lectio
1661 2972 1789 3021 Pau.
1828 2986 1979 3035 quam
2012 2973 2097 3021 vel
2130 2972 2249 3023 ideo
2286 2988 2399 3023 non

321 3055 604 3117 reiecerim,
641 3054 765 3117 quia
787 3052 1064 3120 Virgilium
1097 3054 1146 3103 h.
1172 3054 1206 3103 1.
1241 3054 1447 3103 videtur
1480 3055 1671 3103 imitari
1702 3060 1891 3117 noster,
1928 3055 2071 3117 apud
2104 3070 2258 3119 quem
2294 3056 2398 3118 bis,
2482 3048 2493 3070 ¹

319 3136 500 3201 Eclog.
537 3137 603 3199 V,
639 3138 724 3189 20.
757 3136 886 3185 Aen.
910 3135 1004 3199 IV,
1040 3138 1165 3188 308.
1191 3138 1375 3185 crudeli
1390 3138 1565 3197 funere
1586 3136 1799 3201 legitur:
1837 3136 1974 3200 quod
1998 3137 2117 3187 edd.
2143 3138 2400 3188 exhibent

321 3222 536 3281 vulnere,
560 3218 720 3269 habet
743 3218 899 3267 etiam
919 3218 1049 3268 Rod.
1075 3226 1143 3258 -“-
1169 3225 1375 3282 patemo
1398 3217 1593 3285 affectu)
1616 3218 1703 3269 Sic
1724 3220 1857 3268 Pall.
1882 3221 2036 3270 lectio
2060 3220 2203 3285 vulg.
2225 3226 2399 3282 pater-

320 3318 445 3351 num
467 3304 696 3365 affectum
717 3318 752 3351 a
772 3302 1024 3353 Rhenano
1045 3308 1150 3355 est:
1185 3319 1308 3354 nam
1331 3303 1409 3353 ed.
1433 3319 1509 3366 pr.
1528 3308 1795 3365 paternum
1816 3305 2039 3366 effectum
2064 3303 2291 3377 elxhibet.
2322 3330 2393 3341 -·

323 3383 629 3450 vadensque)
647 3386 819 3437 Ambr.
835 3390 1045 3435 veniens.
1066 3414 1135 3425 --
1152 3387 1219 3433 ad
1235 3384 1451 3451 Abritto)
1470 3387 1693 3435 Multum
1708 3386 1935 3435 variatur
1958 3387 2014 3435 in
2036 3386 2135 3435 hoe
2158 3385 2372 3435 nomine
2391 3404 2407 3435 τ

323 3468 382 3516 in
404 3467 484 3515 ed.
507 3483 583 3532 pr.
610 3468 784 3516 abruto
806 3470 1012 3534 legitur,
1039 3466 1179 3532 quod
1199 3468 1481 3519 Rhenanus
1502 3470 1559 3517 in
1580 3468 1792 3530 abrupto
1817 3470 2053 3532 mutavit,
2081 3483 2212 3533 quae
2240 3468 2402 3519 lectio

324 3550 382 3597 in
415 3550 745 3614 insequentes
779 3568 970 3615 omnes,
1011 3550 1214 3603 Gruter.
1251 3560 1485 3617 excepta,
1523 3558 1601 3603 est
1632 3556 1933 3614 propagata.
1996 3540 2173 3599 Ambr.
2212 3552 2281 3598 ad
2304 3549 2409 3597 Ab·

326 3634 502 3696 vittam
535 3633 701 3701 sistit,
751 3634 857 3701 Mg.
894 3634 1011 3685 Par.
1049 3636 1121 3683 ad
1153 3635 1411 3698 Abitrum,
1450 3633 1593 3697 Epit.
1628 3634 1903 3695 Abs-utum,
1942 3632 2095 3687 Bonf.
2131 3632 2405 3681 Abrutium
