2567 4084
1256 146 1339 195 v!

258 332 357 379 -ex
399 306 920 377 annotationibus
945 308 1151 374 textui
1193 307 1495 376 subiectis
1528 315 1595 376 et
1620 329 1657 376 c
1686 310 2175 397 prolegomenis,
2220 311 2333 389 ita,

275 410 597 498 quomodo
641 412 707 477 et
747 412 1060 497 quatenus
1117 407 1166 473 ii
1207 412 1273 473 et
1312 408 1447 497 ipsi.
1481 406 1647 475 bene
1686 409 2017 495 promeriti
2071 408 2198 475 sint
2250 408 2337 479 de

273 510 546 577 Iordane
599 512 666 574 et
743 506 824 572 de
865 510 1046 573 textu
1089 506 1224 573 eius
1267 507 1667 574 emendando
1708 512 1774 573 et
1814 508 2049 575 rectius
2092 508 2333 575 consti-

269 609 529 693 tuendo,
573 628 705 675 non
746 605 1114 673 retinebitur
1155 606 1262 672 vel
1306 606 1811 675 dissimulabitur
1850 608 1919 673 in
1960 608 2219 675 eisdem.

427 708 546 774 Est
587 706 863 793 denique
903 710 1134 791 praeter
1196 724 1307 770 eas
1320 754 1339 788 ,
1396 725 1557 793 quas
1600 706 1791 773 modo
1830 709 2140 791 recensui,
2192 708 2333 775 edi-

258 808 470 874 tiones
536 808 604 873 in
661 804 910 873 edendo
978 803 1254 871 Iordane
1326 804 1503 872 aliud
1573 825 1829 894 quoque
1898 804 2335 878 subsidiorum

263 926 501 992 genuS,
560 904 735 993 quod
777 909 1010 992 praesto
1069 902 1224 969 mihi
1267 908 1425 989 erat,
1469 905 1829 989 neglectum
1872 905 2131 992 quidem
2172 904 2333 972 illud

261 1010 375 1072 aut
431 1006 793 1089 ignoratum
853 1004 938 1070 ab
1001 1003 1112 1087 iis,
1177 1004 1289 1090 qui
1332 1003 1564 1071 edendi
1604 1006 1807 1071 nostri
1846 1022 2066 1071 curam
2107 1024 2332 1071 susce-

261 1109 515 1193 perunt,
579 1104 836 1169 minime
893 1108 1109 1169 tamen
1169 1102 1703 1171 contemnendum
1743 1102 1849 1169 vel
1902 1105 2335 1191 spernendum

265 1205 334 1269 in
375 1208 556 1271 textu
599 1203 736 1269 eius
762 1201 1179 1287 emendando,
1225 1207 1290 1269 et
1331 1204 1506 1291 quod
1532 1203 1803 1271 multum
1829 1204 2023 1289 faciat
2062 1204 2148 1271 ad
2172 1223 2330 1269 con-

261 1302 606 1369 firmandas
635 1301 1176 1390 stabiliendasque
1204 1323 1471 1370 assensu
1512 1324 1629 1369 suo
1670 1304 1976 1370 lectiones
2014 1302 2329 1390 aliquam-
2410 1318 2421 1327 ’

262 1402 529 1487 multas,
589 1422 700 1469 eos
759 1402 904 1468 dico
967 1403 1343 1489 scriptores„
1402 1403 1512 1489 qui
1568 1404 1779 1469 medio
1836 1402 2008 1491 quod
2061 1406 2329 1469 vocatur
2450 1421 2459 1435 ·

265 1521 405 1569 aevo
464 1504 760 1569 florentes
818 1503 884 1568 in
937 1500 1270 1568 Chronicis
1328 1502 1793 1590 annalibusque
1850 1503 1983 1569 suis
2042 1502 2326 1569 conscri-

265 1601 496 1667 bendis
549 1600 1142 1695 conglutinandisve
1197 1607 1489 1668 nostrum
1528 1602 1613 1667 ad
1671 1606 1887 1689 partes
1928 1607 2325 1668 vocaverunt

261 1701 527 1789 eiusque
561 1700 798 1767 librum
839 1700 906 1765 in
949 1720 1082 1767 rem
1110 1718 1294 1767 suam
1322 1701 1773 1781 adhibuerunt,
1815 1720 1943 1788 quo
1970 1703 2041 1767 in
2066 1701 2322 1786 negotio

261 1799 535 1866 Iordane
593 1802 878 1867 nondum
936 1799 1254 1887 exscripto
1314 1800 1481 1887 typis
1537 1801 1735 1869 libros
1790 1820 1988 1867 manu
2028 1807 2321 1868 exaratos

265 1899 442 1966 adire
469 1918 728 1965 necesse
768 1900 925 1986 ipsis
970 1904 1121 1965 erat.
1188 1898 1478 1984 Quorum
1506 1902 1617 1967 alii
1660 1902 1753 1968 ita
1792 1902 1893 1968 usi
1935 1907 2085 1967 sunt
2118 1902 2321 1987 scrip-

261 2004 401 2063 tore
459 2005 712 2085 nostro,
767 2004 841 2065 ut
913 1999 1158 2086 aliquot
1215 2002 1351 2068 eius
1405 2002 1749 2090 particulas
1804 2000 1911 2070 vel
1966 2000 2159 2067 etiam
2200 2020 2320 2066 no-

263 2098 437 2191 mina
477 2099 738 2185 propria
756 2146 774 2175 ,
823 2105 1013 2186 prout
1052 2099 1329 2165 instituti
1370 2120 1589 2167 eorum
1629 2101 1789 2168 ratio
1832 2099 2144 2187 poscebat
2158 2147 2177 2184 ,
2238 2118 2320 2165 ex
2395 2164 2399 2169 .

263 2216 342 2263 eo
385 2203 828 2265 mutuarentur
842 2247 861 2282 ,
905 2205 977 2264 ut
1019 2200 1443 2289 Geographus
1491 2201 1870 2285 Ravennas3
1922 2199 2033 2267 alii
2074 2201 2166 2265 ita
2182 2248 2201 2284 ,
2257 2204 2331 2265 ut

263 2296 536 2363 maiores
591 2298 898 2383 quasdam
963 2306 1299 2387 excerptas
1367 2321 1447 2366 ex
1520 2320 1596 2368 eo
1664 2303 1879 2387 partes
1936 2300 2043 2367 vel
2099 2318 2329 2386 parum

264 2396 370 2461 vel
423 2395 615 2482 plane
656 2416 787 2461 non
843 2402 1116 2465 mutatas
1177 2400 1479 2487 operibus
1532 2400 1665 2467 suis
1736 2399 2195 2481 immiscerent,
2259 2402 2329 2464 ut

263 2500 486 2561 auctor
513 2496 814 2565 Historiae
835 2498 1157 2585 Miscellae,
1185 2501 1604 2589 FreculphuS,
1636 2499 1989 2567 Gobelinus
2010 2498 2327 2583 Persona3

263 2593 372 2659 alii
429 2596 520 2663 ita
537 2646 556 2681 ,
613 2604 684 2664 ut
738 2607 943 2668 totum
984 2620 1166 2689 paene
1209 2601 1410 2667 nostri
1450 2600 1683 2671 librum
1726 2600 1796 2665 in
1836 2617 1953 2665 sua
1990 2594 2325 2664 'transscri-

265 2693 510 2780 berent,
537 2698 772 2784 partim
813 2703 1082 2766 servatis
1109 2702 1375 2785 integris
1416 2700 1618 2765 nostri
1660 2698 1898 2782 verbis,
1942 2704 2015 2764 ut
2040 2698 2328 2785 Excerp-

255 2801 475 2858 -torum
517 2801 771 2875 auctor,
813 2800 1046 2885 partim
1089 2820 1219 2866 uno
1263 2801 1547 2864 alterove
1588 2798 1733 2865 loco
1765 2796 2046 2881 mutatis,
2092 2801 2171 2864 ut'
2190 2797 2325 2863 Ro-

264 2893 534 2973 dericus,
579 2898 811 2982 partim
855 2898 1107 2964 cultiori
1150 2904 1214 2965 et
1255 2884 1545 2966 comtiori
1590 2897 1875 2964 oratione
1916 2896 2204 2979 redditis,
2248 2901 2321 2963 ut

259 2992 613 3079 Bonfinius,
657 2997 890 3083 partim
931 2998 1206 3085 denique
1250 2998 1318 3063 in
1361 2998 1681 3085 epitomen
1715 2996 2077 3081 redigerent
2120 2996 2325 3063 nostri

257 3092 513 3178 librum,
543 3098 715 3182 quod
737 3096 886 3161 fecit
905 3097 1159 3166 Aeneas
1183 3097 1465 3183 Sylvius.
1496 3098 1744 3163 Horum
1767 3096 2025 3183 quidem
2052 3094 2325 3180 scripto·-

257 3214 401 3259 rum
455 3195 800 3281 plurimum
853 3197 937 3264 ad
992 3203 1238 3264 textum
1277 3198 1483 3263 nostri
1523 3198 1757 3263 rectius
1810 3194 2324 3261 constituendum

259 3294 542 3361 conferre
601 3314 713 3362 eos
731 3346 748 3381 ,
809 3297 918 3383 qui
977 3302 1089 3363 aut
1143 3317 1369 3385 parum
1423 3303 1537 3362 aut
1576 3296 1768 3383 plane
1808 3315 1939 3361 non
1988 3296 2323 3360 immutata

123 3390 132 3395 ⁶
255 3395 458 3461 nostri
489 3397 690 3464 verba
720 3396 1045 3481 exhibent,
1089 3418 1300 3481 nemo,
1343 3401 1525 3483 puto,
1570 3395 1709 3473 erit,
1754 3396 1865 3481 qui
1906 3414 2037 3460 non
2068 3392 2319 3461 videat:

256 3497 472 3580 magni
499 3501 716 3580 tamen
739 3496 1013 3563 faciendi
1056 3498 1176 3562 hac
1218 3498 1288 3562 in
1330 3516 1397 3561 re
1440 3500 1503 3561 et
1541 3494 1658 3578 illi,
1705 3496 1815 3581 qui
1858 3494 1991 3559 suis
2032 3498 2321 3561 nostrum

257 3591 671 3660 reddiderunt
732 3596 981 3681 verbis,
1046 3616 1241 3684 quum
1311 3595 1379 3659 in
1433 3614 1549 3661 suo
1618 3594 1888 3681 quisque
1942 3593 2107 3660 libro
2164 3592 2319 3679 quid
