2567 4084
1281 142 1367 207 82

308 342 544 389 novem
585 342 786 389 annos
831 324 1078 410 experti
1121 340 1343 389 sumus
1359 370 1378 405 ‚
1422 322 1653 389 faciem
1694 322 1895 390 totius
1939 322 2115 389 orbis
2158 322 2387 389 foeda-

307 424 426 507 vit,
471 443 664 510 supra
706 422 968 489 modum
1009 428 1224 490 tamen
1252 420 1713 487 Alexandriam
1740 424 2065 508 totiusque
2092 422 2385 507 Aegypti

305 522 450 589 loca
494 522 868 609 devastanS,
921 522 1240 606 Dionysio
1289 522 1599 589 historico
1658 542 1852 610 super
1905 523 2075 588 hanc
2132 520 2383 587 cladem

306 622 804 707 lacrymabiliter
861 626 1223 707 exponente
1239 670 1258 705 ,
1335 640 1528 707 quam
1600 626 1665 686 et
1720 626 1938 687 noster
1996 620 2385 705 conscripsit

306 717 692 789 xvenerabilis
719 726 962 805 martyr
993 720 1250 816 Christi,
1283 722 1625 808 episcopus
1657 720 2042 808 CyprianuS,
2086 721 2160 785 in
2185 719 2382 803 libro,

307 822 489 887 cuius
546 820 770 887 titulus
825 824 923 887 est
973 822 1055 885 dc
1097 822 1529 886 Mortalitatc.
1630 822 1817 887 Tunc
1872 825 1937 886 et
1978 818 2381 886 Aemilianus

308 920 570 1006 quidam
587 968 606 1003 ,
651 919 882 985 Gothis
921 938 1116 1006 saepe
1157 920 1243 985 ob
1287 920 1653 1006 principum
1694 919 2153 1006 negligentiam
2192 918 2383 984 Moe-

307 1018 468 1083 siam
511 1017 1012 1101 devastantibus,
1053 1024 1128 1085 ut
1169 1018 1336 1083 vidit
1375 1019 1590 1100 licere,
1634 1038 1755 1084 nec
1796 1038 1838 1083 a
1868 1037 2193 1105 quoquam
2219 1018 2379 1089 ,sinc

307 1136 541 1200 magno
594 1117 988 1203 reipublicae
1043 1117 1382 1206 dispendio
1440 1120 1755 1185 removeri
1772 1168 1790 1203 ,
1864 1120 2154 1187 similiter
2224 1138 2381 1185 suae

303 1215 596 1281 fortunae
639 1217 984 1284 arbitratus
1040 1239 1234 1305 posse
1277 1218 1534 1284 evenire
1549 1267 1566 1302 ‚
1622 1218 2032 1303 tyrannidem
2080 1219 2151 1282 in
2192 1218 2417 1283 Moe--

305 1315 466 1381 siam
495 1316 786 1403 arripuit,
831 1318 1130 1405 omnique
1161 1336 1359 1382 manu
1386 1316 1646 1381 militari
1680 1317 1883 1381 ascita
1926 1317 2143 1404 coepit
2182 1314 2381 1383 urbes

306 1419 370 1481 et
395 1416 673 1505 populos
705 1417 1056 1482 devastare.
1144 1414 1385 1482 Contra
1427 1436 1619 1502 quem
1660 1416 1827 1483 intra
1854 1435 2095 1504 paucos
2126 1434 2381 1481 menses

305 1515 460 1580 dum
499 1516 840 1582 multitudo
884 1520 1231 1603 apparatus
1274 1519 1679 1599 accresceret,
1723 1535 1854 1581 non
1898 1514 2234 1581 minimum
2274 1514 2383 1579 in-

306 1615 711 1681 commodum
763 1614 1154 1701 reipublicae
1209 1612 1584 1701 parturivit3
1658 1615 1769 1700 qui
1823 1619 2039 1681 tamen
2106 1614 2174 1677 in
2232 1614 2383 1699 ipso

199 1761 207 1768 s
301 1732 510 1803 paene
549 1716 792 1781 nefario
835 1720 1102 1781 conatus
1145 1714 1244 1779 sui
1292 1714 1474 1780 initio
1518 1714 1869 1779 exstinctus
1883 1762 1902 1797 ,
1960 1718 2026 1781 et
2066 1714 2270 1779 vitam
2314 1719 2387 1780 et

303 1812 662 1899 imperium,
695 1813 869 1901 quod
895 1813 1206 1891 inhiabat,
1245 1812 1475 1878 amisit.
1564 1810 1933 1898 Supradicti
1960 1832 2115 1878 vero
2146 1811 2379 1878 Gallus

305 1916 369 1979 et
415 1912 800 1981 Volusianus
843 1914 1277 2001 imperatores»,
1336 1912 1629 1999 quamvis
1671 1911 1786 1977 vix
1826 1910 2088 1977 biennio
2130 1912 2200 1975 in
2243 1911 2377 1977 im-

303 2012 482 2101 perio
523 2020 1038 2101 perseverantes»,
1081 2012 1164 2077 ab
1209 2012 1333 2077 hac
1372 2010 1516 2077 luce
1558 2009 1925 2095 migrarint,
1968 2016 2183 2077 tamen
2224 2011 2379 2097 ipso

301 2112 563 2179 biennio
579 2160 598 2196 ‚
642 2133 769 2199 quo
813 2111 1049 2177 affuere
1065 2159 1086 2195 ,
1143 2110 1383 2197 ubique
1424 2110 1674 2197 pacati,
1733 2110 1975 2196 ubique
2015 2129 2377 2195 regnavere

301 2203 591 2296 gratiosi3
631 2215 1078 2297 praeterquam
1119 2208 1294 2295 quod
1335 2228 1533 2275 unum
1578 2228 1799 2276 eorum
1840 2209 2136 2277 fortunae
2178 2229 2382 2297 repu-

921 2300 938 2329 ἱ
2080 2321 2101 2329 ς

299 2478 489 2545 prium.
511 2476 722 2533 GRU'P.
743 2504 812 2519 --
843 2492 997 2542 supra
1027 2480 1234 2529 modum
1268 2476 1459 2543 tumen)
1494 2477 1585 2529 Sic
1603 2478 1737 2529 Pau.
1774 2478 1868 2531 sed
1882 2477 2025 2543 Epit.
2048 2490 2191 2539 ver03
2228 2478 2382 2543 vulg.

300 2578 494 2627 quoque.
513 2589 578 2600 -
610 2576 760 2625 quam
791 2568 841 2612 et
870 2563 1058 2626 noster)
1101 2561 1265 2613 Iidem
1300 2576 1419 2613 mss.
1450 2564 1575 2625 quod
1608 2567 1656 2612 et
1686 2566 1863 2611 mater.
1898 2562 2033 2613 scius
2066 2575 2381 2627 germanum

299 2646 578 2709 scriptoris.
625 2644 835 2697 GRUT.
877 2672 948 2685 -·-
989 2660 1078 2695 nec
1111 2661 1146 2693 a
1176 2642 1441 2711 quoquam)
1486 2645 1595 2711 Mg.
1628 2644 1709 2694 ed.
1744 2660 1825 2709 pr.
1869 2659 1959 2695 nee
1996 2657 2263 2708 quoquam.
2300 2668 2381 2681 -·

297 2730 358 2776 in
375 2726 642 2793 Moesiam)
675 2727 784 2791 Mg.
800 2726 919 2777 Par.
941 2731 998 2776 tn
1017 2730 1186 2789 Misia,
1222 2727 1361 2793 qnod
1392 2728 1692 2791 correctoris
1723 2726 1907 2793 magis,
1943 2740 2101 2791 quam
2132 2726 2387 2777 Iordanis

297 2822 511 2860 manus:
546 2822 670 2859 nam
699 2812 758 2857 δη
787 2808 1225 2873 praepositionem
1258 2824 1377 2859 oum
1397 2810 1628 2859 ablativo
1650 2824 2021 2875 nonnunquam
2053 2825 2151 2875 pro
2182 2814 2381 2875 quarto

297 2906 426 2941 casn
447 2892 590 2955 strui,
625 2890 1096 2954 observatumssiam,
1130 2895 1192 2939 ut
1209 2891 1509 2941 recentior-Is
1530 2892 1719 2942 aetatis
1738 2893 1879 2943 viros
1902 2892 2081 2943 doct-os
2114 2894 2377 2956 omim,

297 2989 334 3024 a
366 2972 540 3027 Genio
571 2973 617 3036 1,
653 2972 702 3024 7.
747 2972 918 3037 XVII,
951 2974 1003 3026 2.
1047 2999 1116 3012 --
1159 2973 1282 3021 dum
1312 2973 1952 3041 multitudo—accresceret)
1986 2974 2071 3024 Ita
2102 2974 2238 3025 Pau.
2272 2974 2378 3026 sed

298 3056 416 3109 edd.
453 3056 642 3107 omissa
683 3056 806 3106 dum
847 3056 1104 3121 particula
1146 3056 1525 3123 participioque
1563 3057 1735 3121 posito
1780 3059 2051 3107 multitudo
2084 3063 2379 3120 apparatu

297 3152 582 3189 accrescens.
605 3166 674 3178 —
703 3141 898 3201 nefario
921 3146 1125 3189 conatus
1143 3144 1223 3189 aui
1242 3139 1411 3205 initio)
1446 3140 1659 3192 Mallem
1681 3156 1797 3192 cum
1819 3142 1961 3206 Epit.
1986 3142 2172 3205 nefarii
2194 3157 2239 3195 e,
2259 3156 2305 3191 ε.
2331 3144 2377 3193 ε’.

295 3248 366 3261 -—
395 3224 524 3287 quod
553 3222 808 3286 inhiabat)
857 3222 946 3273 Sic
975 3223 1110 3273 Pall.
1137 3222 1319 3291 ‘Ambn
1354 3222 1462 3289 Mg.
1494 3224 1613 3277 Par.
1656 3218 1917 3275 structura.
1958 3239 2068 3274 non
2110 3222 2244 3274 adeo
2286 3237 2382 3273 so-

293 3306 465 3377 lenni:
501 3305 649 3355 effert
678 3309 854 3355 tamen
885 3310 940 3354 et
959 3304 1177 3357 Plautus
1208 3306 1427 3356 verbum
1456 3306 1591 3357 illud
1624 3294 1806 3373 quarto
1840 3322 1965 3358 casu
1996 3312 2057 3357 nt
2078 3304 2246 3358 Stich.
2266 3305 2377 3371 IV,

295 3388 348 3452 2,
381 3387 466 3438 25.
507 3392 615 3439 illic
657 3390 804 3439 homo
845 3394 988 3439 amm
1019 3391 1340 3441 hereditatem
1383 3392 1549 3441 inhiat
1586 3389 1669 3457 Ῑίᾱ.
1724 3390 1840 3440 Mfl.
1876 3389 2018 3443 Glor.
2054 3388 2155 3454 111,
2192 3391 2243 3453 1,
2276 3390 2375 3439 20.

295 3471 430 3521 bona
459 3486 574 3521 mea
605 3474 832 3523 inhiant:
867 3472 1024 3539 vulgo
1056 3473 1186 3535 quod
1203 3474 1473 3524 invadebat
1500 3474 1710 3539 legitur.
1733 3498 1802 3511 -·-
1828 3478 2178 3537 praeterquam
2209 3470 2379 3541 quod)

296 3552 454 3603 Hanc
483 3554 759 3605 lectionem
789 3554 1078 3608 Vulcanius
1112 3570 1144 3605 e
1175 3556 1283 3621 ΜΒ.
1320 3555 1402 3607 ed.
1436 3556 1655 3607 Leuncl.
1701 3555 1900 3621 primus
1938 3557 1997 3605 in
2038 3560 2239 3606 textum
2288 3554 2379 3605 in-

299 3629 476 3687 duxitz
517 3650 640 3687 nam
671 3636 787 3687 edd.
823 3652 902 3701 pr.
939 3641 996 3689 et
1024 3637 1142 3688 Par.
1172 3643 1457 3703 praeterque
1494 3640 1708 3705 sistunt,
1754 3640 1861 3706 Mg.
1896 3638 2017 3692 Par.
2042 3643 2258 3705 praeter.
2299 3664 2379 3679 —-
