2567 4084
1311 163 1351 227 6

309 346 566 412 omnino
594 344 1018 430 gratissimam
1065 341 1559 429 silestantinam,
1604 363 1851 410 necnon
1886 340 2191 424 Etheron,
2224 337 2373 404 licet

305 467 436 513 non
479 446 562 511 ab
606 445 821 531 aliquo
866 445 1172 531 scriptore
1206 440 1541 529 dilucidas,
1577 450 1791 511 tamen
1828 442 1959 509 suis
1980 436 2373 527 possessori-

303 545 428 613 bus
450 546 689 612 affatim
711 542 992 609 refertas.
1036 542 1291 609 Habet
1273 563 1339 608 ln
1369 550 1551 632 parte
1576 543 1844 611 occidua
1877 540 2049 606 idem
2075 538 2373 606 Oceanus

299 643 658 743 aliquantas
695 643 958 729 insulas,
997 646 1060 709 et
1094 662 1299 728 paene
1337 650 1595 709 cunctas
1636 642 1720 708 ob
1757 638 2175 728 frequentiam
2212 656 2372 701 eun-

296 744 456 808 tium
480 731 544 809 e‘t
575 743 971 810 redeuntium
997 748 1198 808 notas.
1243 743 1327 807 Et
1348 750 1494 809 sunt
1517 744 1698 809 iuxta
1733 741 1961 806 fretum
1984 737 2375 802 Gaditanum

295 842 472 909 haud
513 842 737 929 procul
778 862 906 907 una
948 844 1202 918 Beata,
1225 849 1291 907 et
1330 843 1478 927 alia,
1524 862 1686 929 quae
1729 840 1959 905 dicitur
1999 838 2371 902 Fortunata.

266 936 270 938 ’
302 942 614 1028 Quamvis
655 942 945 1007 nonnulli
985 946 1055 1006 'et
1093 942 1205 1006 illa
1247 942 1501 1025 gemina
1548 941 1853 1008 Galliciae
1899 944 1961 1003 ct
2003 934 2375 1001 Lusitaniae

299 1043 736 1128 promontoria
791 1042 858 1107 in
903 1040 1144 1107 Oceani
1202 1040 1427 1106 insulis
1469 1043 1745 1128 ponant,
1804 1040 1869 1104 in
1928 1054 2198 1125 quorum
2241 1052 2371 1099 uno

739 1196 1060 1202 --—--.-———.
1844 1196 1913 1201 -.—..
1924 1196 1931 1199 .
1976 1186 2366 1199 .....—.-.--.—..----v.———

304 1273 422 1309 cum
455 1260 672 1307 Iamnesi
703 1273 798 1309 seu
829 1260 1054 1309 Iannesei
1085 1257 1545 1323 deprehendissent
1574 1258 1801 1320 librarii,
1835 1255 1978 1307 haud
2010 1256 2116 1305 scio
2150 1268 2221 1303 an
2251 1249 2375 1301 inde

307 1343 554 1407 evenerit,
589 1346 666 1407 ut,
700 1341 793 1391 ubi
825 1341 984 1391 semel
1021 1344 1321 1391 Iamnesiam
1368 1342 1473 1407 legi
1520 1346 1599 1391 est
1632 1345 1886 1403 coeptum,
1932 1340 1990 1389 in
2034 1340 2216 1399 qua-rto
2250 1348 2377 1383 casu

299 1424 539 1491 ponendo
597 1424 808 1489 quidam
849 1430 1126 1489 pergerent
1167 1424 1381 1475 librarii.
1455 1425 1747 1486 Taprobane
1785 1444 1847 1459 -ο
1880 1424 2111 1471 decorata
2160 1416 2375 1468 exhibui

298 1508 474 1558 Ambr.
525 1512 756 1571 secutus,
809 1508 912 1556 nisi
963 1506 1102 1569 quod
1150 1522 1330 1557 vocem
1378 1512 1498 1578 επις
1545 1507 1740 1571 expuli.
1820 1507 1999 1555 Potest
2046 1509 2221 1552 tamen
2270 1501 2375 1549 for-

298 1596 437 1641 tasse
482 1591 722 1653 retineri,
768 1595 830 1638 ut
867 1590 1158 1655 Taprobane
1207 1590 1403 1653 plurali
1440 1605 1655 1641 numero
1696 1590 1929 1655 posuerit
1964 1586 2197 1637 Iordanis
2212 1621 2225 1648 ,
2267 1598 2375 1647 quo

301 1672 496 1735 Tempe
538 1686 740 1735 semper
780 1673 1050 1737 leguntur,
1097 1672 1270 1737 Syene
1310 1674 1454 1737 apud
1493 1672 1691 1737 Sulpic.
1734 1671 1907 1722 Sever.
1954 1670 2161 1733 Dialog.
2206 1665 2250 1729 I,
2288 1668 2369 1715 16.

301 1756 483 1803 Decem
515 1758 576 1803 ut
591 1751 891 1818 'reciperem
923 1770 1016 1819 pro
1052 1756 1194 1819 vulg.
1231 1758 1420 1818 dicunt,
1468 1758 1633 1807 movit
1670 1772 1753 1805 me
1798 1769 1904 1804 non
1934 1754 2182 1803 librorum
2216 1748 2375 1799 modo

298 1836 593 1899 auctoritas,
629 1836 722 1887 sed
757 1838 928 1903 etiam,
983 1854 1134 1903 quem
1165 1839 1254 1889 hic
1278 1840 1338 1889 in
1369 1844 1543 1903 partes
1574 1839 1731 1889 traxit
1768 1842 1959 1897 noster,
1996 1834 2169 1885 Orosii
2203 1832 2368 1896 locus,

296 1920 350 1985 I,
387 1922 436 1969 2.
492 1921 784 1982 Taprobane
817 1937 941 1985 quae
975 1924 1118 1973 habet
1151 1923 1311 1971 decem
1348 1926 1583 1973 civitates.
1646 1922 1973 1972 Vocabulum
2002 1920 2232 1969 Sedaliae
2264 1930 2373 1966 non

298 2018 456 2069 posse
487 2004 574 2053 hic
606 2004 800 2054 habere
831 2006 1020 2069 locum,
1055 2019 1212 2069 supra
1245 2010 1535 2067 ostensum3
1573 2020 1727 2056 voces
1760 2010 1935 2054 autem
1970 2005 2143 2051 omitto
2178 2004 2233 2050 et
2265 2012 2371 2047 cm-

297 2090 417 2136 nino
441 2102 596 2151 quam
617 2087 772 2135 facile
793 2088 1054 2150 potuerint
1077 2088 1341 2151 confundi,
1368 2090 1537 2152 quivis
1560 2088 1721 2139 videt.
1788 2088 2187 2150 silephantinam
2221 2096 2370 2145 repo-

299 2170 382 2219 sui
414 2184 506 2233 pro
530 2170 920 2231 Silestantinam,
955 2171 1314 2232 Elephantinen
1335 2173 1529 2255 recss'us
1560 2172 1717 2222 scribi
1738 2186 1843 2221 non
1864 2170 2093 2221 nescium
2132 2172 2189 2217 at
2212 2181 2371 2231 quum

301 2266 453 2317 quem
487 2258 662 2303 noster
695 2257 899 2303 secutus
933 2258 1028 2316 est,
1062 2254 1165 2303 iam
1198 2254 1441 2307 vitiatum
1476 2256 1719 2305 exhibeat
1740 2269 1944 2317 nomen,
1978 2250 2119 2317 apud
2138 2254 2371 2300 nostrum

299 2342 500 2386 mutare
520 2334 654 2386 illud
675 2336 821 2385 nefas
843 2334 984 2385 duxi.
1033 2336 1248 2387 Retinui
1280 2338 1438 2389 etiam
1464 2339 1669 2400 Theron,
1704 2338 1805 2388 hoc
1826 2336 2035 2385 nomine
2058 2346 2371 2398 quamquam

299 2434 406 2469 non
427 2420 596 2469 minus
620 2426 859 2483 corrupto
885 2436 1036 2484 quam
1057 2420 1167 2483 illo,
1192 2419 1404 2479 minime
1430 2426 1605 2471 tamen
1624 2420 1825 2470 librarii
1845 2420 1991 2483 vitio,
2016 2417 2108 2469 sed
2130 2415 2369 2473 auctoris,

301 2516 453 2567 quem
497 2503 734 2553 Iordanis
759 2505 1021 2568 sequitur.
1119 2505 1415 2553 Teu-edonem
1461 2508 1637 2553 autem
1682 2504 1905 2555 insulam
1957 2500 2185 2563 intelligi
2234 2498 2373 2547 infra

299 2585 583 2651 Euphratis
607 2591 660 2636 et
675 2587 901 2652 Tigridis
924 2587 1270 2637 confluentem
1292 2589 1459 2650 sitam,
1486 2588 1632 2639 cuius
1654 2586 1997 2635 meminerunt
2016 2581 2205 2633 Strabo
2222 2578 2371 2643 XVI,

299 2671 350 2723 3.
373 2670 668 2733 p.381,382
692 2670 775 2723 ed.
801 2670 1033 2720 Tauchn.
1057 2671 1343 2735 Dionysius
1363 2670 1566 2735 Pe‘rieg.
1590 2686 1639 2722 v.
1660 2670 1775 2719 982.
1798 2668 2001 2718 Plinius
2016 2666 2086 2715 H.
2101 2664 2164 2713 N.
2179 2662 2273 2725 VI,
2286 2664 2370 2711 32.

295 2752 626 2801 Ptolemaeus
649 2751 714 2816 V,
739 2754 822 2816 20,
844 2754 894 2803 5.
918 2752 1063 2815 VIlI,
1089 2753 1172 2815 20,
1195 2754 1278 2801 30.
1304 2752 1539 2802 videmus
1562 2768 1629 2801 ex
1648 2752 1754 2801 illis
1776 2751 1996 2813 Aethici,
2029 2764 2082 2812 p.
2108 2748 2193 2795 31.
2220 2760 2373 2810 quem

296 2835 463 2885 Iulius
485 2834 732 2899 sequitur,
761 2836 1035 2897 Euphrates
1053 2835 1365 2897 -infundit
1384 2849 1435 2883 se
1458 2838 1590 2885 mari
1617 2836 1811 2884 Oceano
1836 2835 2065 2883 orientali
2094 2830 2183 2879 aab
2204 2831 2370 2878 insula

304 2919 510 2967 Theron.
554 2944 623 2955 —
664 2920 775 2965 licet
801 2930 904 2966 non
926 2944 995 2955 -—
1013 2915 1256 2982 refertas.)
1289 2916 1467 2967 Ambr.
1498 2919 1695 2967 tametsi
1723 2932 1825 2965 non
1852 2916 1914 2964 ab
1944 2918 2110 2977 aliquo
2142 2915 2377 2975 scriptore

299 3002 516 3049 dilucide
535 3005 706 3048 tamen
726 3002 828 3048 suis
845 3000 1232 3061 possessionibus
1255 3003 1455 3064 affatim
1483 3002 1705 3063 refertae.
1742 3026 1821 3059 -Ι
1843 3002 2124 3061 aliquantas
2154 2988 2370 3057 insulas)

297 3082 383 3133 Ita
403 3081 546 3131 dedit
565 3083 762 3145 primus
785 3074 1072 3132 Vulcanius
1093 3097 1124 3133 e
1145 3083 1252 3149 Mg.
1272 3084 1391 3133 Par.
1412 3098 1567 3147 quum
1586 3082 1697 3133 edd.
1716 3098 1796 3147 pr.
1816 3083 2153 3145 aliquantulas
2168 3079 2372 3127 sistant.

297 3166 591 3228 Aliquantas
613 3171 786 3215 autem
807 3180 899 3229 pro
925 3166 1124 3230 aliquot
1147 3166 1278 3217 dixit
1301 3159 1536 3218 Iordanis
1558 3182 1700 3217 more
1718 3166 2017 3231 posterioris
2040 3162 2189 3222 aevi3
2215 3160 2284 3209 cf.
2308 3158 2374 3208 de

296 3249 398 3300 hoc
431 3250 572 3299 vocis
603 3264 701 3299 usu
732 3248 975 3301 Munker.
1007 3249 1076 3299 ad
1095 3249 1339 3315 Fulgent.
1375 3242 1542 3315 Myt'h.
1576 3250 1648 3311 11,
1685 3252 1715 3297 9
1752 3254 1805 3299 et
1836 3246 2121 3299 Tzschuck.
2163 3242 2233 3293 ad
2264 3242 2374 3293 Eu-

299 3336 431 3397 trop.
456 3332 550 3396 IV,
586 3334 668 3381 27.
706 3333 898 3396 quique
929 3332 1006 3382 ibi
1037 3332 1335 3383 laudantur.
1369 3362 1439 3371 -—
1474 3336 1714 3385 Gallie-iae
1729 3360 1798 3371 —-·
1800 3327 2169 3396 promontoria)
2192 3328 2374 3381 Ambr.

303 3417 532 3467 Galeciae
565 3430 793 3479 semper,
831 3416 970 3479 quod
1002 3430 1164 3481 prope
1197 3416 1401 3487 accedit
1434 3416 1503 3467 ad
1536 3415 1831 3469 Gallaeciae
1864 3430 2079 3475 nomen,
2115 3410 2373 3475 quomodo

299 3497 537 3561 primitus
566 3498 831 3563 appellata
855 3503 934 3548 est
964 3499 1059 3548 illa
1077 3499 1374 3563 provincia:
1411 3505 1468 3549 at
1492 3515 1651 3565 quum
1676 3502 1889 3551 Gallieia
1910 3500 2027 3563 plus
2050 3496 2211 3548 semel
2232 3494 2375 3559 apud

300 3577 574 3630 Iordanem
594 3586 828 3631 occurrat
848 3580 1005 3645 idque
1023 3584 1136 3632 sine
1153 3583 1393 3634 lectionis
1406 3584 1677 3646 varietate,
1697 3580 1917 3631 retinere
1936 3596 2049 3631 eam
2064 3580 2373 3644 scripturam

301 3664 362 3709 ut
382 3661 570 3711 aetatis
591 3664 889 3714 recentioris
911 3664 1079 3715 visum
1103 3670 1198 3717 est.
1814 3682 1816 3685 ⁴
