2567 4084
1338 121 1420 202 28

350 319 555 382 Antes
611 337 797 401 vero,
857 317 967 404 qui
1021 320 1170 382 sunt
1226 336 1445 382 eorum
1489 315 1849 395 fortissimi,
1908 335 2035 403 qua
2076 315 2419 382 Ponticum

349 435 523 484 mare
554 422 874 500 curvatur,
913 437 952 482 a
988 417 1309 481 Danastro
1338 414 1769 481 extenduntur
1806 433 2011 501 usque
2040 415 2123 479 ad
2146 415 2419 501 Danap-

351 525 526 600 rum,
587 533 750 602 quae
789 516 1052 596 flumina
1108 515 1322 580 multis
1364 515 1803 581 mansionibus
1845 513 1929 579 ab
1973 513 2248 579 invicem
2288 513 2419 578 ab·

350 620 516 680 sunt.
583 614 692 680 Ad
733 615 884 681 litus
931 620 1144 681 autem
1178 614 1441 697 Oceani,
1483 612 1595 678 ubi
1624 613 1829 681 tribus
1857 612 2149 678 faucibus
2174 612 2421 678 fluenta

351 713 645 779 Vistulae
695 712 974 779 fluminis
1031 712 1396 796 ebibuntur,
1453 712 1771 778 Vidivarii
1811 712 2125 797 resident,
2188 705 2269 776 ex
2316 711 2418 776 di-

349 813 554 879 versis
592 811 958 878 nationibus
986 812 1313 896 aggregati
1333 835 1353 896 3-
1380 816 1527 898 post
1567 832 1727 898 quos
1762 811 2233 897 ripamOceani
2259 811 2420 875 item

350 913 534 977 Aesti
577 917 815 996 tenent,
859 915 1158 997 pacatum
1202 911 1531 976 hominum
1574 930 1775 993 genus
1820 910 2096 974 omnino.
2163 907 2419 992 Quibus

350 1009 418 1074 in
469 1015 684 1076 austro
739 1011 976 1076 assedit
1029 1031 1186 1094 gens
1228 1009 1673 1074 Acatzirorum
1732 1005 2103 1090 fortissima,
2160 1006 2419 1092 frugum

350 1108 574 1193 ignara
595 1159 611 1192 ‚
672 1130 835 1196 quae
890 1108 1232 1196 pecoribus
1277 1114 1343 1174 et
1382 1107 1831 1174 venationibus
1874 1107 2143 1172 victitat.
2228 1106 2418 1172 Ultra

351 1228 513 1295 quos
559 1209 1003 1276 distenduntur
1039 1229 1232 1294 supra
1269 1228 1441 1274 mare
1473 1208 1807 1274 Ponticum
1832 1207 2178 1290 Bulgarum
2208 1206 2416 1290 sedes»,

351 1325 512 1392 quos
545 1307 910 1374 notissimos
941 1313 1350 1394 peccatorum
1383 1314 1744 1374 nostrorum
1771 1307 1940 1372 mala
1980 1306 2207 1372 fecere.
2249 1305 2421 1371 Hinc

349 1577 724 1624 commanentes.
760 1599 828 1612 —-
861 1589 956 1637 qua
976 1603 1032 1611 —
1056 1571 1312 1640 curvamr)
1348 1573 1437 1624 Sic
1468 1575 1661 1638 optime
1694 1573 1863 1623 Vatic.
1901 1573 2125 1627 vindob.
2159 1573 2256 1623 652
2292 1573 2421 1634 (nisi

351 1656 490 1720 quod
522 1656 624 1721 hic,
661 1661 722 1706 ut
753 1661 808 1706 et
840 1658 948 1722 Mg.
983 1658 1096 1707 Par.
1132 1661 1249 1721 quia
1279 1672 1376 1721 pro
1410 1655 1527 1723 qua)
1561 1658 1704 1722 Epit.
1740 1659 1891 1708 Bonf.
1933 1661 2016 1720 qui
2056 1658 2123 1705 ad
2154 1656 2420 1704 Ponticum

347 1753 489 1788 mare
523 1745 803 1803 curvantur,
836 1741 1013 1805 vulgo,
1054 1768 1123 1779 -—
1163 1755 1312 1802 usque
1345 1741 1413 1788 ad
1444 1738 1767 1806 Danaprum)
1810 1741 1895 1790 Ita
1935 1755 2027 1805 pro
2062 1739 2203 1804 vulg.
2239 1741 2421 1789 Danu-

350 1821 489 1871 bium
531 1821 662 1873 Pall.
712 1823 888 1873 Ambr-
933 1823 1042 1888 Mg‚
1086 1823 1203 1872 Par.
1243 1821 1336 1872 sed
1367 1823 1510 1899 Epit.
1556 1841 1672 1876 cum
1702 1827 1854 1876 Bonf.
1888 1827 2201 1883 Danais-um,
2236 1821 2422 1886 depra-

348 1909 470 1954 vato
503 1911 525 1952 t
556 1904 710 1956 litera
742 1919 772 1956 e
805 1907 860 1970 b,
906 1906 1159 1970 quomodo
1195 1907 1437 1970 exprimit
1467 1921 1657 1957 nomen
1690 1909 1803 1959 cod.
1826 1908 2067 1960 vindob.
2100 1907 2219 1958 652.
2251 1933 2318 1942 -
2350 1905 2418 1952 ab

347 1990 584 2049 invicem)
621 1987 794 2058 Ambr.
833 2003 948 2038 cum
969 1989 1112 2054 Epit.
1145 1992 1372 2041 invicem.
1413 2017 1467 2026 -
1510 1989 1711 2057 absum)
1733 1992 1911 2045 Ambr.
1940 1993 2137 2040 adsunt.
2170 2015 2239 2026 —
2277 1989 2421 2038 Vidi-

346 2069 503 2137 varii)
531 2069 620 2122 Sic
641 2071 774 2120 Pall.
811 2087 846 2120 a
875 2071 1045 2134 prima
1076 2086 1234 2122 manu
1269 2071 1416 2136 (nam
1450 2079 1733 2123 correctum
1752 2075 1811 2123 in
1834 2074 1997 2124 altero
2030 2071 2309 2137 Vir-iwani),
2340 2070 2419 2120 sie

350 2154 524 2206 Ambr.
563 2169 680 2204 cum
711 2153 819 2218 Mg.
851 2153 967 2210 Par,
1003 2155 1250 2202 Indioarii
1282 2153 1427 2217 Epit.
1460 2159 1513 2204 et
1545 2155 1696 2204 Bonf.
1727 2158 1975 2206 Vidivarii
2006 2155 2183 2220 vulgo,
2226 2156 2309 2204 De
2328 2154 2419 2204 iis·

351 2237 467 2286 dem
500 2238 610 2302 agit
641 2237 830 2287 iterum
861 2236 1098 2287 Iordanis
1141 2237 1278 2286 infra
1312 2253 1355 2286 c.
1394 2241 1475 2292 17.
1520 2239 1612 2288 ubi
1650 2253 1764 2302 qens
1796 2240 2047 2290 vividaria
2080 2242 2133 2288 et
2172 2239 2421 2286 Vividarii

347 2319 538 2384 legitur
591 2320 703 2370 sine
753 2319 866 2370 ‘ulla
913 2319 1153 2370 lectionis
1205 2320 1482 2387 varietate,
1500 2353 1512 2364 κ
1541 2335 1845 2387 qumquam
1883 2323 2136 2371 vidioaria
2178 2327 2232 2370 et
2278 2320 2420 2368 Vidi-

347 2408 480 2453 varii
512 2409 565 2454 et
595 2404 707 2454 illic
738 2404 845 2470 legi
877 2404 990 2453 vult
1021 2403 1062 2452 Ι.
1101 2403 1377 2454 Grimmius
1409 2404 1445 2452 1.
1483 2405 1518 2454 1.
1556 2405 1620 2458 Τ.
1651 2405 1722 2457 Π.
1755 2420 1809 2469 p.
1846 2406 1961 2454 720.
2006 2431 2073 2442 -·-
2126 2407 2246 2454 item
2276 2403 2421 2452 Acuti

345 2485 529 2553 tenent)
565 2485 653 2538 Sic
687 2487 984 2537 disiunctim
1016 2486 1148 2540 Pan.
1183 2492 1236 2538 et
1269 2487 1419 2537 Bonf.
1454 2488 1557 2538 nisi
1588 2488 1727 2552 quod
1758 2489 1866 2537 Boii
1898 2487 2012 2550 hic;
2048 2490 2103 2536 et
2133 2487 2209 2535 ita
2240 2486 2419 2550 legen-

349 2569 472 2620 dum
515 2584 652 2632 esse,
708 2569 842 2619 vidit
883 2571 989 2620 iam
1031 2570 1303 2622 Cluverius
1348 2567 1411 2623 G.
1454 2573 1515 2620 A.
1554 2571 1618 2624 L.
1650 2571 1748 2620 ΠΙ.
1794 2586 1837 2620 c.
1882 2571 1965 2622 44.
2020 2570 2181 2634 vulgo
2214 2569 2419 2620 coalitis

349 2652 552 2702 duabus
597 2653 811 2702 vocibus
851 2635 1083 2703 Ite-mesti.
1129 2681 1196 2691 ———
1239 2657 1297 2704 in
1339 2660 1509 2704 austro
1556 2651 1759 2719 assedit)
1804 2653 1911 2718 Mg.
1958 2652 2075 2701 Par.
2120 2667 2237 2701 cum
2270 2651 2415 2715 Epit.

348 2739 404 2784 in
449 2741 675 2785 austrum
713 2736 923 2785 'ad-videt.
970 2761 1031 2770 -
1081 2751 1196 2795 yens
1229 2735 1593 2802 Acatzirorum)
1639 2737 1721 2785 Ita
1752 2735 1885 2784 Pan.
1934 2739 1987 2785 et
2018 2735 2126 2799 Mg.
2160 2734 2279 2783 Par.
2314 2735 2420 2784 nisi

349 2816 488 2881 quod
519 2817 606 2865 hic
626 2817 936 2880 transposita
959 2831 1064 2865 una
1086 2817 1240 2866 litera
1259 2818 1617 2883 Acatzntorum,
1653 2818 1767 2867 cod.
1800 2816 2003 2866 Monac.
2025 2817 2415 2880 Accatzironoem

347 2899 572 2950 Vindob.
618 2899 974 2962 Ayazziromm
991 2936 1004 2963 ,
1035 2899 1307 2963 'quomodo
1341 2905 1395 2950 et
1426 2901 1583 2965 vulgo
1616 2902 1841 2966 legitur3
1892 2899 2034 2964 Epit.
2068 2900 2415 2962 Ayazirormn,

347 2983 452 3031 iam
486 2981 623 3046 quod
654 2982 794 3047 apud
819 2981 1114 3048 Geograph.
1140 2982 1270 3033 Rav.
1296 2983 1374 3032 IV
1373 3017 1390 3045 ,
1418 2986 1463 3032 1.
1501 2998 1530 3033 e
1562 2988 1737 3033 nostro
1769 2983 1976 3048 legitur.
2028 2981 2132 3033 Sed
2152 2989 2416 3048 receptam

347 3079 524 3114 veram
557 3079 670 3116 esse
701 3065 994 3130 lectionem,
1030 3069 1176 3129 patet
1211 3080 1240 3115 e
1273 3065 1486 3116 Graecis
1518 3070 1578 3116 ut
1609 3065 1813 3130 Prisco,
1848 3067 1943 3116 abs
1976 3081 2078 3129 quo
2112 3058 2415 3137 Ἀκάτζιροι

348 3148 466 3213 plus
501 3148 660 3199 semel
689 3152 958 3198 vocantur.
994 3173 1062 3186 —-
1093 3149 1372 3212 Bulyarum
1392 3148 1546 3214 sedes)
1580 3149 1844 3200 Revocavi
1876 3149 2010 3198 hanc
2039 3150 2316 3200 lectionem
2349 3165 2417 3200 ex

349 3230 463 3280 edd.
498 3243 575 3295 pr.
611 3236 664 3280 et
695 3231 813 3280 Par.
847 3233 1182 3294 Bulyarorum
1223 3231 1361 3296 quod
1394 3233 1548 3297 vulgo
1582 3233 1773 3298 legitur
1805 3249 1839 3284 a
1870 3233 2128 3283 Vulcanio
2164 3238 2258 3282 est.
2316 3233 2417 3283 Est

349 3305 524 3366 autem
556 3314 848 3364 terminatio
884 3315 996 3364 eius
1025 3316 1248 3370 nominis
1283 3316 1478 3380 duplex
1509 3318 1722 3378 Bulyari
1754 3321 1807 3368 et
1828 3318 2065 3380 Bulyares
2099 3330 2265 3380 eaque
2294 3331 2413 3380 pro-

352 3399 550 3450 miscua
583 3399 750 3448 utitur
780 3397 1040 3449 Iordanis:
1077 3400 1289 3462 Bulyari
1320 3399 1457 3449 em'm
1491 3399 1734 3450 dicuntur
1766 3400 1933 3450 eidem
1964 3399 2029 3450 R.
2064 3397 2119 3452 S.
2154 3415 2271 3463 cpp.
2298 3401 2414 3450 111.

351 3485 465 3532 122.
535 3483 720 3534 Vax-iat
751 3483 808 3532 in
840 3483 1004 3533 forma
1035 3483 1256 3533 nominis
1290 3486 1345 3533 et
1376 3481 1707 3533 Marcellinus
1743 3482 1883 3533 Com.
1908 3482 1977 3531 ad
2008 3497 2129 3531 ann.
2153 3483 2269 3530 499.
2295 3483 2411 3534 502.

347 3567 460 3616 530.
487 3572 664 3616 contra
688 3567 922 3629 Bulyam
943 3569 1239 3616 constanter
1258 3571 1510 3616 vocantur
1530 3567 1687 3616 iidem
1710 3565 2014 3616 Cassiodoro
2036 3564 2239 3614 Variar.
2268 3562 2412 3630 VIII,

351 3649 430 3698 10.
465 3651 550 3702 21.
587 3653 642 3700 et
673 3649 912 3704 Chronic.
945 3649 1012 3700 ad
1046 3666 1092 3700 a.
1130 3652 1244 3702 504.
1277 3665 1481 3702 necnon
1512 3649 1753 3702 Ennodio
1787 3649 2041 3716 Panegyr.
2090 3663 2205 3713 opp.
2241 3650 2289 3698 5.
2330 3650 2411 3698 12.
