2567 4084
1199 174 1276 237 11

198 352 340 419 eius
384 358 566 439 parte
610 354 1063 439 minimamque
1085 352 1421 419 Cornelius
1455 354 1666 437 etiam,
1704 354 2027 421 annalium
2072 354 2275 442 scrip·-

195 456 322 536 tor,
343 458 582 539 narrat,
606 454 894 519 metallis’
910 454 1198 539 plurimis
1225 453 1573 539 copiosam,
1606 451 1821 519 herbis
1859 454 2259 541 frequentem

197 556 264 618 et
303 552 407 619 his
463 550 832 619 feraciorem
886 553 1212 637 omnibuS,
1274 570 1438 639 quae
1492 571 1726 639 pecora
1781 554 1986 639 magis
2005 603 2023 637 ,
2072 572 2265 641 quam

195 651 489 717 homines
525 652 728 715 alant:
773 651 905 716 labi
937 672 1092 719 vero
1123 670 1239 740 per
1271 672 1412 717 eam
1450 656 1513 717 et
1550 652 1751 717 multa
1774 672 1963 737 quam
1984 654 2264 719 maxima

195 750 526 839 relabique
566 752 848 833 flumina,
891 770 1174 835 gemmas
1218 752 1718 838 margaritasque
1754 751 2103 816 volventia.-
2160 750 2267 817 Si·-

192 850 405 917 lorum
447 851 709 919 colorati
749 851 997 934 vultus;
1040 855 1209 917 torto
1253 851 1543 937 plerique
1586 851 1759 916 crine
1804 855 1866 915 et
1902 850 2085 934 nigro
2112 870 2265 915 nas-

195 956 460 1033 euntur3
507 949 903 1017 Calidoniam
937 969 1091 1016 vero
1129 949 1557 1015 incolentibus
1590 950 1817 1017 rutilae
1856 969 2095 1033 comae,
2119 969 2266 1016 cor-

191 1070 357 1137 pora
401 1068 654 1133 magna,
701 1049 815 1115 scd
856 1049 1087 1115 fluida:
1136 1048 1339 1114 Gallis
1379 1050 1517 1115 sive
1542 1045 1871 1135 Hispanis,
1899 1054 1971 1115 ut
2006 1049 2279 1135 quibus-

196 1170 324 1237 que
349 1148 800 1231 attenduntur,
847 1148 1198 1215 obsimileS.
1264 1148 1455 1213 Unde
1487 1148 1925 1214 coniectavcre
1965 1148 2277 1230 nonnulli,

196 1248 374 1336 quod
417 1268 492 1314 ea
540 1267 622 1313 ex
658 1249 761 1313 his
805 1247 1059 1314 accolas
1103 1246 1405 1329 contiguo
1450 1251 1717 1314 vocatos
1762 1248 2094 1334 acceperit.
2165 1248 2279 1313 In-

193 1432 421 1481 Memma
455 1447 603 1495 quam
641 1436 888 1483 Cornelius
927 1437 1024 1485 cet.
1061 1433 1231 1496 Quam
1254 1433 1529 1483 lectionem
1565 1447 1680 1481 cum
1713 1446 1839 1496 prae
1872 1429 2035 1479 oculis
2062 1429 2281 1480 haberet

191 1514 424 1579 Lipsius,
459 1529 554 1578 pro
587 1515 810 1563 Memma
843 1515 1119 1581 legendum
1143 1518 1298 1565 Mona
1334 1516 1556 1566 coniecit
1578 1514 1646 1565 ad
1668 1514 1835 1564 Tacit.
1861 1513 1996 1563 Ann.
2022 1513 2165 1577 XIV,
2190 1515 2275 1567 29.

189 1624 260 1635 —
294 1598 489 1665 nava-at)
527 1598 628 1648 Ed.
655 1596 801 1647 Grut.
825 1604 1039 1647 enarrat.
1076 1626 1144 1637 -—
1179 1602 1397 1647 metallis
1416 1601 1649 1661 plurimis
1666 1596 2057 1663 —feraciorem)
2080 1598 2277 1646 Deesse

194 1682 287 1731 hie
320 1680 521 1745 aliquid
553 1678 774 1744 videtur,
813 1696 970 1744 quum
1003 1697 1108 1731 non
1140 1681 1353 1745 habeas,
1392 1681 1460 1731 ad
1485 1681 1622 1745 quod
1651 1680 1745 1731 illa
1768 1683 2032 1743 copiosam,
2051 1680 2275 1743 frequen-

189 1760 306 1825 ⁴t‘em,
355 1764 645 1826 feraciorem
689 1764 900 1815 referas.
949 1790 1011 1801 --
1060 1766 1311 1828 omnibus,
1349 1780 1469 1827 quae
1489 1790 1557 1800 —
1580 1764 1744 1828 alant)
1778 1762 1866 1813 Sic
1909 1763 2043 1815 Pan.
2073 1778 2276 1814 necnon

188 1848 301 1913 Mg.
335 1847 457 1900 Par.
493 1852 546 1897 et
579 1846 691 1897 cod.
725 1846 927 1896 Monac.
965 1847 1068 1897 nisi
1103 1848 1241 1912 quod
1273 1849 1332 1898 hi
1365 1848 1679 1908 omnibusque
1709 1845 1926 1910 sistunt,
1974 1846 2065 1897 sed
2097 1848 2274 1899 Ambr.

192 1933 420 1981 omnibus
455 1932 582 1993 quod
615 1932 682 1980 V.
721 1930 963 1993 omnibuet,
1001 1934 1201 1993 quia—
1222 1936 1347 1981 alat.
1392 1959 1460 1969 —
1504 1932 1725 1980 Silorum
1749 1956 1815 1966 —
1838 1928 2023 1995 vultus)
2060 1929 2147 1981 Sic
2176 1945 2270 1993 pro

192 2016 426 2077 Sylorum
458 2013 591 2065 Pall.
629 2036 694 2051 ·-—
729 2014 914 2077 fluida)
940 2014 1047 2079 Mg.
1072 2014 1188 2063 Par.
1211 2015 1401 2077 fluidae
1422 2020 1491 2063 ut.
1529 2042 1597 2051 —
1632 2014 1789 2063 Gallis
1812 2041 1878 2051 —
1896 2013 2159 2074 obsimiles)
2186 2010 2275 2061 Sic

191 2098 328 2149 Pan.
375 2097 554 2150 Ambr.
599 2096 706 2161 Mg.
752 2097 872 2146 Par.
921 2095 1013 2147 sed
1057 2098 1263 2148 Monac.
1300 2102 1489 2147 similes
1518 2098 1585 2148 V.
1618 2100 1700 2159 qui
1737 2098 1893 2147 Gallis
1920 2122 1983 2131 —
2016 2097 2271 2143 assimiles.
2372 2108 2376 2113 ·

191 2182 462 2245 Hispanis)
513 2179 648 2229 Pall.
697 2181 882 2242 Spania
927 2196 1155 2245 semper:
1205 2180 1270 2231 de
1307 2196 1407 2246 qua
1441 2182 1698 2246 scriptura
1729 2178 1952 2231 nominis
1966 2214 1979 2241 ,
2015 2181 2273 2227 extremae

192 2265 381 2314 aetatis
417 2261 753 2327 scriptoribus
786 2262 1124 2313 usitatissima
1154 2280 1325 2329 neque
1358 2264 1559 2314 meliori
1594 2279 1721 2313 aevo
1754 2262 1912 2327 plane
1942 2261 2137 2326 ignota,
2164 2258 2269 2308 vid.

192 2360 329 2411 quae
365 2350 678 2395 annotarunt
719 2350 927 2409 praeter
970 2346 1102 2397 alios
1147 2346 1487 2397 Casaubonus
1532 2346 1598 2396 ad
1642 2346 1815 2410 Spart.
1848 2344 2104 2395 Hadrian.
2141 2359 2183 2392 c.
2224 2346 2271 2393 1.

195 2428 488 2480 Scriverius
521 2427 587 2478 ad
620 2428 803 2493 Veget.
841 2428 904 2479 R.
941 2429 1011 2477 M.
1045 2430 1090 2495 1,
1128 2433 1174 2482 1.
1209 2430 1567 2495 Berneggerus
1610 2428 1676 2478 ad
1709 2429 1894 2479 Iustin.
1930 2426 2063 2489 XII,
2100 2427 2181 2488 13,
2221 2428 2269 2477 1.

186 2510 499 2581 lestenius
531 2508 598 2560 ad
631 2510 880 2577 Stephan.
913 2513 1040 2578 Byz.
1076 2530 1126 2562 v.
1156 2505 1404 2561 ‘Ionam'a
1442 2512 1814 2577 Wesselingius
1836 2510 1905 2560 ad
1944 2508 2176 2560 Hieroel.
2212 2522 2267 2571 p.

191 2594 308 2643 ⁷34.
347 2592 626 2643 Oberlinus
661 2593 729 2643 ad
763 2596 887 2647 Vib.
921 2594 1158 2658 Sequest.
1193 2610 1246 2657 p.
1285 2596 1402 2645 398.
1438 2593 1791 2657 Tzschuckius
1822 2592 1890 2643 ad
1923 2592 2047 2643 Mel.
2070 2590 2113 2654 1,
2140 2592 2187 2653 6,
2215 2593 2265 2642 1.

187 2674 424 2739 Interpp.
461 2674 682 2740 denique
717 2678 784 2727 ad
815 2678 984 2743 Epist.
1021 2678 1170 2726 Paul.
1206 2675 1273 2725 ad
1309 2676 1526 2727 Roman.
1562 2676 1689 2742 XV,
1724 2680 1792 2727 24
1808 2715 1821 2741 ,
1857 2677 1939 2726 28.
1977 2702 2042 2711 —-
2074 2680 2133 2723 ut
2164 2678 2271 2736 qui-

189 2756 370 2819 busque
406 2760 746 2826 attenduntur)
795 2762 880 2811 Ita
921 2759 1052 2811 Pau.
1090 2766 1142 2808 et
1174 2760 1349 2808 Ambr.
1386 2758 1489 2808 nisi
1534 2762 1671 2824 quod
1716 2762 1803 2811 hie
1844 2760 2013 2822 quibus
2058 2762 2141 2819 qui
2173 2772 2266 2821 pro

188 2840 466 2903 quibusque,
501 2840 591 2892 sed
625 2843 704 2892 ed.
725 2845 840 2893 Par.
874 2844 1132 2907 quibusque
1164 2842 1501 2907 attenduntur,
1538 2846 1725 2895 omissa
1758 2850 1815 2893 ut
1845 2842 2129 2908 particula3
2172 2855 2268 2904 pro

189 2924 515 2971 attenduntur
537 2925 741 2979 Monac.
775 2928 1118 2977 adtuuduntur
1149 2926 1391 2989 praefert.
1438 2926 1579 2975 Loco
1602 2930 1921 2977 attenduntur
1950 2927 2159 2977 mallem
2192 2934 2271 2978 ta·-

188 3021 311 3056 men
348 3008 703 3074 obtenduntur,
740 3015 800 3059 ut
835 3008 975 3073 apud
1007 3008 1132 3060 Mel.
1151 3008 1196 3070 1,
1222 3010 1270 3055 4.
1308 3007 1585 3058 obtenditur
1608 3008 1828 3075 (Africa)
1863 3024 1963 3059 non
1986 3014 2102 3059 totis
2123 3013 2268 3059 huius

190 3088 481 3155 (Europae)
519 3094 760 3155 litoribus,
795 3092 932 3143 Plin.
966 3092 1037 3145 H.
1075 3092 1140 3142 N.
1176 3091 1256 3151 V,
1296 3092 1375 3143 17.
1424 3090 1611 3138 Libano
1651 3106 1983 3154 par—mom
2032 3095 2267 3143 adversus

184 3172 414 3221 Libanus
437 3172 728 3235 obtenditur,
754 3175 924 3227 Tacit.
940 3175 1060 3240 Agr.
1088 3190 1129 3223 c.
1155 3176 1232 3223 10.
1261 3161 1577 3239 (Britannia)
1601 3176 1657 3222 in
1678 3176 1970 3225 occidentem
1992 3178 2267 3239 Hispaniae

189 3255 490 3317 obtenditur,
527 3256 667 3320 apud
700 3256 854 3307 eund.
894 3256 1063 3308 Germ.
1101 3272 1145 3309 e.
1182 3256 1262 3305 35.
1318 3256 1623 3305 Chaucorum
1654 3274 1771 3319 yem
1802 3286 1864 3296 —
1889 3262 2114 3309 omnium
2146 3274 2265 3321 quaa

185 3340 394 3401 exposui
411 3342 630 3400 yentium
653 3342 884 3390 lateribus
918 3340 1207 3392 obtenditur.
1244 3368 1312 3377 -—
1346 3342 1473 3401 quod
1495 3338 1575 3405 ea)
1599 3341 1705 3406 Mg.
1726 3342 1844 3392 Par.
1868 3343 1994 3405 quod
2016 3347 2160 3390 ten-a.
2196 3366 2264 3376 —-

183 3420 410 3489 accolas)
447 3422 654 3473 Monac.
690 3426 887 3476 accolis.
919 3450 986 3461 —-
1021 3420 1269 3488 contiyuo)
1308 3420 1395 3471 Sic
1426 3422 1559 3472 Pall.
1584 3423 1759 3475 Ambr.
1784 3426 1891 3491 Mg.
1913 3426 2029 3474 Par.
2054 3424 2265 3473 mallem

185 3511 364 3559 tamen
399 3524 426 3555 e
463 3511 706 3569 contiyum
744 3522 898 3571 quum
931 3506 1044 3555 fieri
1077 3506 1335 3569 potuerit,
1380 3510 1441 3554 ut
1474 3520 1499 3555 e
1530 3509 1845 3572 praepositio
1886 3507 2079 3557 initiali
2121 3507 2264 3557 vocis

183 3578 456 3657 sequentis
489 3590 879 3651 absorberetur3
915 3588 1124 3638 Monac.
1163 3590 1405 3650 contiyius
1426 3588 1505 3641 V.
1530 3595 1769 3641 contemto.
1806 3619 1863 3629 —
1902 3586 2119 3656 vocato-9)
2152 3590 2263 3639 Μο-

179 3690 303 3727 nac.
337 3674 650 3725 vocabulum.
