2567 4084
1294 153 1421 217 100

315 340 664 425 imperator
687 385 706 421 ,
750 336 1138 401 Arianorum
1177 331 1451 417 perfidia
1493 330 1749 397 saucius
1764 378 1783 413 ‚
1838 333 2197 395 nostrarum
2236 348 2395 413 par-

317 437 481 502 tium
524 454 746 500 omnes
789 432 1088 499 ecclesias
1133 430 1517 509 obturasset,
1569 449 1722 496 suae
1748 429 1947 516 partis
1988 430 2264 493 fautores
2308 427 2394 492 ad

315 534 464 599 illos
526 533 744 617 dirigit
801 530 1273 619 praedicatores
1294 578 1312 613 ,
1376 529 1486 615 qui
1542 528 1949 595 venientibus
2003 528 2270 593 rudibus
2330 532 2395 592 et

319 633 560 719 ignaris
615 632 788 697 illico
845 629 1150 717 perfidiae
1208 648 1363 694 suae
1402 629 1583 695 virus
1624 627 1990 695 infundunt.
2079 626 2186 692 Sic
2228 646 2394 713 quo-

255 753 260 757 ·
319 752 444 819 que
473 731 882 815 Vesegothae
921 750 960 794 a
988 728 1264 795 Valente
1297 729 1677 813 imperatore
1703 727 1929 793 Ariani
1956 726 2171 812 potius
2200 746 2395 813 quam

321 831 667 898 Christiani
703 830 926 895 effecti.
970 829 1074 893 De
1089 834 1300 893 cetero
1314 833 1447 892 tam
1466 827 1873 912 Ostrogothis
1892 846 2084 913 quam
2100 826 2391 912 GepidiS,

320 929 696 1016 patentibus
723 928 878 1012 suiS,
907 948 1026 1013 pro
1047 927 1403 993 affectionis
1414 926 1619 1011 gratia
1642 925 2171 1011 evangelizanteS‚
2201 925 2393 991 huius

319 1028 625 1115 perfidiae
669 1028 982 1093 culturam
1025 1027 1365 1093 edocentes
1383 1076 1400 1111 ,
1459 1045 1709 1092 omnem
1754 1026 1993 1112 ubique
2034 1024 2223 1089 huius
2262 1024 2393 1088 lin-

311 1139 486 1213 'guae
513 1127 838 1193 nationem
863 1127 948 1192 ad
984 1126 1299 1192 culturam
1340 1124 1530 1191 huius
1575 1131 1785 1191 sectae
1826 1126 2224 1191 invitavere.·
2254 1125 2393 1211 Ipsi

319 1246 596 1315 quoque,
641 1231 713 1292 ut
756 1227 996 1291 dictum
1039 1233 1154 1307 est,
1197 1225 1570 1291 Danubium
1600 1230 2081 1307 transmeanteS‚
2123 1226 2394 1289 Daciam

316 1326 1429 1413 ripensem‚Moesiam‚Thraciasque
1439 1324 1751 1411 permisso
1764 1324 2068 1411 principis
2082 1324 2390 1389 insedere.

587 1486 625 1492 -0
636 1483 1249 1491 -----—-—————-—-———
2189 1479 2392 1488 -——-—-.

319 1564 419 1616 Ed.
443 1564 586 1615 Grut.
605 1567 664 1612 in
678 1564 983 1613 Romanum
999 1561 1140 1627 quod
1157 1566 1495 1621 correctorem
1510 1561 1664 1626 sapit.
1716 1560 1851 1611 Nam
1884 1560 2025 1624 apud
2056 1564 2293 1611 auctores
2316 1575 2394 1611 se·

322 1647 520 1713 quietis
543 1646 730 1695 aetatis
746 1652 806 1696 ut
821 1646 1096 1709 scriptores
1112 1644 1380 1694 Historiae
1396 1645 1530 1711 Aug.
1551 1644 1879 1708 Eutropium,
1916 1643 2243 1693 Ammianum
2262 1644 2395 1693 mul·

322 1736 508 1794 tosque
541 1730 676 1779 alios
707 1729 766 1779 in
797 1729 1092 1778 nominibus
1124 1729 1395 1793 regionum
1428 1729 1499 1777 ad
1530 1727 1846 1791 praepositio
1880 1741 1973 1791 pro
2006 1730 2063 1775 in
2092 1726 2283 1775 millies
2315 1728 2395 1776 in·

321 1814 547 1864 venitur.
584 1838 649 1849 -
679 1814 890 1875 fratrem
929 1813 1269 1862 Valentiniani
1301 1808 1527 1877 senior-is)
1564 1809 1652 1860 Sic
1686 1808 1768 1858 ed.
1791 1809 1911 1861 Par.
1935 1808 2063 1859 Exc.
2088 1808 2231 1873 Epit.
2255 1810 2397 1859 Bon-

319 1898 410 1949 fin.
443 1916 494 1949 v.
514 1899 724 1961 fratrem
753 1898 1093 1947 Valentiniani
1125 1897 1441 1957 imperatoris
1472 1896 1690 1943 senioris.
1724 1922 1791 1932 —
1824 1894 2127 1943 Arianorum
2157 1892 2391 1960 persidia)

318 1982 406 2032 Ita
437 1998 534 2047 pro
565 1982 896 2031 Arrianomm
908 2018 923 2042 ‚
961 1979 1102 2046 quod
1136 1979 1215 2030 ed.
1249 1995 1330 2045 pr.
1363 1979 1625 2045 praefert,
1670 1979 1865 2043 primus
1900 1976 2042 2027 dedit
2072 1976 2359 2027 Rhenanus
2376 1994 2393 2027 ι

319 2065 460 2115 idem
493 2080 613 2114 mox
645 2064 826 2113 Ariani
859 2064 1082 2114 correxit
1112 2078 1208 2127 pro
1237 2064 1462 2123 Amani,
1498 2077 1651 2126 quam
1682 2062 1905 2113 nominis
1937 2062 2239 2127 scripturam
2274 2078 2396 2111 cum

319 2148 586 2213 geminata
615 2161 644 2193 v·
673 2145 826 2195 litera
859 2146 1134 2195 defendere
1167 2146 1359 2195 frustra
1401 2150 1569 2199 tentat
1603 2146 1894 2196 chiffletius
1936 2145 2003 2195 ad
2037 2146 2195 2211 vigil.
2231 2146 2392 2210 Taps.

317 2245 374 2295 p.
413 2230 527 2279 137.
564 2254 632 2266 -
666 2226 959 2293 obturasset)
994 2228 1146 2279 Haec
1177 2229 1339 2279 lectio
1372 2228 1625 2278 Rhenano
1662 2228 1911 2291 debetur-3
1945 2244 2067 2277 nam
2098 2229 2155 2277 in
2190 2228 2275 2279 ed.
2312 2244 2392 2293 pr.

317 2311 609 2363 oham-asset
641 2310 848 2376 legitur.
883 2336 950 2346 —
999 2310 1322 2377 venientibus)
1358 2311 1533 2361 Ambr.
1567 2315 1825 2367 venientes.
1862 2339 1927 2350 -
1975 2310 2268 2377 infundunt)
2306 2311 2396 2362 Sic

317 2413 416 2463 pro
449 2397 590 2463 vulg.
627 2397 905 2461 defundunt
936 2394 1067 2443 Pau.
1099 2395 1275 2445 Ambr.
1312 2394 1442 2444 Exc.
1494 2422 1562 2433 —-
1606 2397 1688 2445 Sic
1721 2396 1925 2461 quoque)
1959 2396 2172 2445 Mallem
2204 2400 2391 2457 sieque3

321 2481 455 2533 Exc.
491 2484 562 2531 eie
594 2478 772 2544 itaqt'oe,
809 2478 950 2543 quod
981 2478 1178 2541 recepit
1209 2479 1269 2527 in
1298 2492 1447 2528 suam
1478 2478 1913 2543 Lindenbrogius.
1944 2504 2013 2515 —-
2047 2494 2142 2543 pro
2175 2482 2394 2543 affectio-

315 2568 397 2614 nis
440 2561 629 2629 qratia)
681 2561 770 2614 Sic
801 2561 935 2611 Pan.
969 2561 1062 2612 sed
1094 2562 1202 2627 Mg.
1235 2560 1357 2615 Par.
1397 2575 1494 2625 pro
1540 2575 1694 2609 eausa
1738 2564 2045 2625 affectionis3
2100 2578 2152 2613 v·
2185 2578 2275 2626 per
2312 2564 2395 2625 at-

315 2648 543 2709 feetionie
573 2650 810 2709 qratiam.
838 2672 906 2684 -
939 2642 1349 2710 evanyelizantes)
1382 2644 1509 2694 Post
1540 2644 1641 2693 hoc
1673 2644 1983 2694 vocabulum
2016 2650 2302 2708 sequuntur
2330 2645 2393 2695 in

317 2728 405 2778 ed.
456 2728 744 2783 Lindenbr.
801 2727 934 2777 haec
982 2728 1171 2777 verbaz
1235 2744 1331 2791 per
1386 2729 1640 2791 Ulphilam
1692 2732 1975 2792 episcopum
2023 2744 2171 2778 suum
2220 2729 2395 2777 Arria—

315 2826 444 2879 num
493 2810 600 2876 (qui
631 2815 800 2860 literas
833 2814 1052 2872 yothieas
1081 2814 1279 2871 primus
1312 2815 1504 2861 invenit
1536 2818 1581 2862 et
1612 2817 1880 2876 scripturae
1912 2817 1969 2862 in
2001 2826 2173 2861 eorum
2198 2816 2393 2873 ‘linqua

317 2894 576 2959 convertit)
621 2896 766 2943 huius
803 2894 1046 2956 perfidiae
1088 2897 1186 2942 cet.
1223 2892 1295 2943 At
1334 2909 1461 2944 cave
1501 2896 1762 2946 existi-mes
1804 2895 2038 2947 Iordanis
2072 2910 2194 2946 ‚esse
2231 2897 2393 2945 verba

315 2976 430 3027 ina.
496 2976 726 3027 Inseruit
757 2991 822 3027 ea
853 2992 920 3027 ex
950 2975 1078 3026 Exc.
1115 2974 1335 3026 editioni
1365 2993 1490 3029 suae
1522 2978 1956 3045 Lindenbrogius,
1993 2995 2089 3044 pro
2123 2978 2393 3029 Iordaneis

317 3072 593 3123 perperam
627 3073 689 3108 ea
720 3058 936 3111 habens.
1002 3059 1137 3110 Nam
1170 3060 1547 3125 Excerptorum
1590 3067 1771 3113 auctor
1815 3068 1875 3113 ut
1915 3064 2068 3114 rebus
2102 3078 2135 3111 a
2167 3060 2391 3112 Iordane

317 3142 544 3191 nanatis
587 3142 762 3192 aliena
803 3143 923 3207 plus
965 3144 1127 3193 semel
1169 3144 1360 3194 intexit
1377 3180 1409 3207 ,‚
1442 3145 1519 3195 ita
1558 3144 1647 3195 hic
1678 3160 1884 3210 quoque
1916 3147 2111 3209 assuit,
2164 3160 2301 3209 quae
2332 3144 2393 3192 in

317 3224 519 3277 Hister.
537 3226 612 3280 M.
637 3226 762 3290 ΧΠ,
798 3228 879 3274 12.
913 3225 1176 3291 leguntur,
1210 3227 1470 3279 adiunctis
1504 3227 1569 3277 de
1602 3243 1695 3279 suo
1728 3230 1928 3293 aliquot
1957 3229 2146 3279 verbis.
2182 3230 2251 3267 ·'--
2284 3244 2393 3277 ont-

317 3307 771 3375 nem—natiomm)
805 3310 1018 3361 Mallem
1046 3326 1211 3360 omnes
1241 3315 1486 3363 nationes.
1537 3338 1605 3351 —-
1650 3311 1940 3379 invitavere)
1991 3311 2135 3374 Quid
2165 3313 2213 3363 si
2242 3314 2391 3377 legas

317 3388 617 3445 mmm-n?
655 3418 717 3429 -—
751 3394 858 3455 Ipsi
887 3390 1089 3458 quoque)
1136 3393 1347 3443 Mallem
1380 3398 1579 3457 ipsique.
1618 3424 1678 3435 —-
1711 3397 1975 3461 permisso)
2012 3394 2221 3445 Reduxi
2250 3395 2395 3444 hanc

316 3473 598 3527 lectionem
631 3490 696 3525 ex
729 3474 810 3527 ed.
845 3490 923 3540 pr.
959 3490 1055 3540 pro
1087 3477 1303 3541 vulgato
1333 3482 1587 3539 penui-seu,
1625 3479 1764 3544 quod
1794 3495 1829 3529 a
1862 3480 2117 3529 Rhenano
2152 3483 2245 3529 est.
2292 3479 2391 3529 Et-

321 3556 841 3623 enimpraeterquam
863 3558 1002 3623 quod
1021 3564 1315 3622 pemiiesum
1336 3561 1479 3625 apud
1510 3562 1643 3612 alios
1674 3576 1882 3626 quoque
1912 3563 2121 3627 legitur,
2156 3567 2216 3611 ut
2240 3561 2393 3625 apud

321 3635 512 3695 Horat.
545 3640 714 3707 Epist.
745 3643 802 3693 11
819 3679 834 3707 ‚
873 3646 902 3693 1
917 3678 932 3708 ,
967 3644 1051 3695 45.
1097 3648 1152 3695 et
1183 3644 1419 3697 Labeon.
1466 3646 1608 3711 apud
1650 3645 1863 3710 Ulpian.
1898 3647 2105 3711 Dignst,
2142 3648 2223 3710 11,
2256 3650 2299 3695 t.
2338 3647 2387 3697 7.
