2567 4084
1302 174 1423 239 150

331 352 704 419 flammatur.
795 353 922 437 Qui
983 353 1287 419 machinis
1350 356 1729 421 constructis
1790 357 2213 445 omnibusque
2266 363 2403 422 tor·-

335 455 691 516 mentorum
773 452 1116 535 generibus
1199 452 1537 538 adhibitis,
1618 476 1734 521 nec
1802 476 2013 540 mora,
2087 457 2407 523 invadunt

333 551 694 633 civitatem,
741 554 1048 639 spoliant,
1097 554 1425 634 dividunt,
1470 560 1849 641 vastantque
1884 556 2261 633 crudeliter,
2308 557 2406 620 ita

335 656 410 717 ut
450 652 600 734 vix,
649 652 786 716 eius
831 653 1100 737 vestigia
1142 658 1216 717 ut
1258 659 1633 740 appareant,
1680 654 2077 741 reliquerint:
2150 654 2405 719 Exhinc

335 752 462 817 iam
507 751 875 817 audaciores
920 756 981 816 et
1021 750 1296 818 necdum
1334 752 1765 819 Romanorum
1808 754 2113 837 sanguine
2166 754 2404 835 satiati,

229 896 238 905 -
330 870 457 937 per
539 849 814 937 reliquas
877 850 1197 917 Venetum
1263 852 1554 919 civitates
1622 852 1842 919 Hunni
1904 851 2404 925 bacchabantur,

343 950 777 1015 Mediolanum
825 970 1113 1037 quoque,
1173 953 1471 1037 Liguriae
1530 952 1931 1039 metropolim
1974 956 2037 1017 et
2081 951 2411 1037 quondam

287 1102 295 1107 ,
336 1050 579 1133 regiam
623 1050 867 1133 urbem,
912 1051 1052 1138 pari
1082 1057 1301 1119 tenore
1329 1052 1687 1134 devastant,
1732 1071 1979 1117 necnon
2009 1054 2072 1116 et
2102 1050 2413 1116 Ticinum

335 1148 590 1234 aequali
617 1155 786 1215 sorte
817 1150 1144 1238 deiiciunt,
1187 1151 1523 1239 vicinaque
1553 1152 1693 1217 loca
1723 1150 2081 1216 saevientes
2110 1148 2408 1234 allidunt,

335 1246 892 1336 demoliunturque
933 1268 1138 1335 paene
1180 1256 1380 1316 totam
1422 1250 1696 1316 Italiam.
1766 1250 2109 1337 Quumque
2154 1249 2237 1314 ad
2264 1250 2411 1315 Ro·-

341 1364 508 1411 mam
556 1348 804 1413 animus
847 1348 1070 1414 fuisset
1113 1347 1250 1414 eius
1294 1355 1571 1415 attentus
1616 1349 1939 1431 accedere,
1986 1349 2085 1414 sui
2127 1367 2290 1431 eum,
2338 1354 2414 1413 ut

341 1444 596 1511 Priscus
640 1446 829 1511 refert
858 1446 1220 1527 historicuS,
1261 1466 1611 1531 removere,
1656 1469 1787 1514 non
1820 1447 1987 1532 urbi,
2036 1448 2138 1513 cui
2165 1448 2413 1513 inimici

345 1551 544 1627 erant,
591 1546 1013 1630 consulentes,
1060 1548 1172 1613 sed
1216 1548 1477 1631 Alarici,
1526 1548 1845 1634 quondam
1889 1546 2413 1631 Vesegotharum

343 1645 547 1729 regis,
609 1646 981 1711 obiicientes
1026 1646 1421 1733 exemplum,
1485 1648 1669 1712 veriti
1713 1637 1879 1732 regis
1924 1646 2023 1711 sui
2067 1645 2409 1728 fortunam,

341 1744 496 1830 quia
561 1744 668 1809 ille
725 1749 872 1831 post
929 1744 1191 1810 fractam
1241 1746 1518 1811 Romam
1589 1746 1699 1811 diu
1754 1766 1882 1811 non
1944 1746 2409 1831 supervixerat,

343 1841 461 1908 sed
518 1844 808 1928 protinus
866 1843 1058 1908 rebus
1117 1846 1391 1911 excessit
1432 1846 1745 1911 humanis.
1831 1844 2035 1929 Igitur
2078 1845 2229 1909 dum
2270 1843 2413 1908 eius

346 1942 595 2008 animus
657 1943 922 2028 ancipiti
975 1945 1232 2028 negotio
1290 1945 1455 2010 inter
1510 1945 1600 2011 ire
1646 1952 1707 2010 et
1746 1964 1877 2010 non
1919 1944 2011 2009 ire
2054 1943 2410 2027 fluctuaret,

345 2060 686 2127 secumque
731 2041 1090 2109 deliberans
1130 2044 1431 2127 tardaret,
1477 2044 1730 2130 placida
1772 2044 1831 2109 ei
1874 2042 2108 2127 legatio
2137 2062 2177 2107 a
2204 2043 2414 2107 Roma

263 2166 270 2174 ·
310 2140 628 2205 -advenit.
713 2142 878 2206 Nam
906 2143 1039 2208 Leo
1081 2162 1253 2229 papa
1299 2163 1413 2231 per
1457 2163 1525 2210 se
1567 2143 1648 2208 ad
1694 2164 1838 2209 eum
1881 2140 2124 2207 accedit
2159 2142 2226 2205 in
2256 2161 2413 2225 agro

343 2420 460 2479 plus
490 2416 606 2468 edd.
623 2416 741 2469 Par.
765 2423 817 2469 et
837 2418 1015 2472 Garet.
1035 2447 1095 2456 —
1114 2418 1351 2486 spoliant)
1398 2420 1547 2469 Haec
1577 2418 1731 2468 lectio
1764 2434 1794 2467 a
1810 2418 2130 2469 Leunelavio
2150 2423 2255 2477 est;
2296 2432 2417 2466 nam

347 2498 472 2555 -edd,
495 2516 569 2565 pr.
595 2504 872 2565 spoliantur
889 2502 1149 2552 exhibent.
1177 2530 1238 2539 —-
1269 2508 1327 2551 ut
1342 2499 1637 2568 appareant)
1684 2500 1859 2553 Ambr.
1878 2508 1933 2551 ut
1949 2504 2169 2565 apparet.
2193 2528 2250 2536 —
2274 2503 2419 2549 veriti

343 2588 475 2645 nqis
505 2588 586 2634 sui
612 2585 892 2648 fortunam)
927 2585 1098 2636 Locus
1115 2584 1301 2635 mendo
1323 2582 1538 2647 laborat,
1569 2584 1707 2649 quod
1724 2584 1865 2635 haud
1892 2584 1997 2635 scio
2019 2600 2086 2633 an
2104 2585 2160 2633 in
2191 2598 2323 2633 voce
2341 2586 2418 2631 sm·

349 2666 437 2715 vel
444 2670 562 2730 suis,
581 2665 719 2732 quod
733 2667 810 2720 ed.
822 2667 938 2718 Par.
953 2668 1103 2731 sistit,
1123 2668 1192 2718 sit
1203 2666 1565 2731 quaerendum,
1582 2680 1713 2731 quae
1727 2666 1852 2730 quid
1864 2666 1964 2717 sibi
1971 2666 2114 2730 velit,
2125 2682 2230 2716 non
2242 2666 2414 2717 video,

356 2748 482 2798 Fuit
516 2764 672 2813 quum
708 2750 1013 2799 conficerem
1035 2750 1310 2816 legendum
1330 2752 1453 2813 πρῶ
1482 2750 1854 2810 Ῡὼεςουιαηιπι
1881 2749 2154 2819 fortunam,
2191 2749 2418 2798 lectione

352 2834 433 2880 sm·
451 2831 536 2881 vel
555 2834 655 2880 suis
682 2832 756 2880 ita
775 2836 903 2896 orta,
932 2838 1010 2897 ut,
1042 2848 1200 2897 quum
1215 2848 1404 2883 nomen
1420 2832 1819 2898 Visegotharum
1836 2830 2197 2881 abbreviatum
2216 2830 2312 2885 VI.
2329 2836 2418 2879 aut

347 2912 483 2964 VIS.
505 2917 638 2965 esset
665 2914 928 2979 scriptum,
967 2914 1101 2965 male
1129 2916 1351 2979 repetita
1368 2914 1509 2965 vocis
1528 2912 1877 2963 antecedentis
1900 2929 1924 2961 ε
1945 2912 2097 2963 litera
2112 2914 2194 2963 illi
2212 2912 2307 2966 VI.
2328 2917 2418 2961 aut

348 2994 486 3051 VIS.
510 2998 802 3049 adhaeserit
825 3002 878 3047 et
893 2998 991 3047 hoc
1006 2998 1157 3048 modo
1181 3002 1259 3047 sui
1277 3003 1329 3047 et
1346 3001 1447 3047 suis
1462 2998 1656 3047 factum
1678 2996 1760 3047 sit.
1797 2996 1857 3045 Id
1875 3002 2013 3046 certe
2036 2994 2175 3059 quod
2192 2996 2417 3059 Vesego-

344 3080 557 3131 charum
596 3084 730 3147 regis
761 3096 949 3132 nomen
983 3081 1133 3132 modo
1168 3083 1236 3131 sit
1267 3080 1508 3145 positum,
1545 3081 1821 3143 statimque
1855 3078 2147 3143 repetitum,
2184 3092 2290 3125 non
2326 3082 2416 3138 est,

345 3163 499 3227 ‘quod
532 3165 587 3213 in
621 3168 850 3225 auctore,
886 3164 1052 3230 qualis
1079 3164 1314 3215 Iordanis
1332 3168 1425 3228 est,
1456 3162 1712 3213 offendere
1729 3162 1932 3225 debeat,
1964 3174 2115 3226 quum
2136 3159 2192 3208 in
2210 3158 2418 3223 optimis

343 3248 510 3297 ctiam
555 3246 889 3311 scriptoribus
937 3247 1166 3299 eiusdem
1210 3246 1456 3298 vocabuli
1497 3246 1582 3296 vel
1626 3246 1682 3295 in
1716 3245 1897 3295 eadem
1934 3242 2304 3294 enunciatione
2334 3239 2419 3289 vel

343 3328 413 3377 in
447 3329 667 3381 confinio
703 3330 921 3385 duarum
953 3331 1193 3395 repetitio
1229 3346 1334 3382 non
1370 3331 1437 3381 sit
1459 3345 1575 3385 rara
1615 3356 1680 3366 —-
1703 3326 1921 3393 excessit)
1957 3326 2133 3375 Ambr.
2159 3326 2420 3374 excesserit.

355 3440 421 3451 --
454 3412 680 3478 placida)
739 3412 826 3465 Sic
869 3414 999 3463 Pall.
1052 3414 1226 3466 Ambr.
1274 3414 1471 3463 Histor.
1520 3413 1668 3463 Misc.
1714 3410 1846 3462 Rod.
1888 3424 1983 3475 pro
2018 3408 2161 3473 vulg.
2196 3410 2420 3469 placita:

325 3532 330 3536 -
354 3491 641 3560 Utramque
664 3502 837 3547 autem
861 3510 1042 3547 vocem
1065 3498 1362 3562 saepissime
1384 3494 1659 3547 turbarunt
1683 3494 1882 3544 librarii
1904 3494 1969 3542 ob
1993 3491 2221 3542 vicinum
2241 3503 2421 3541 sonum

363 3580 624 3632 literarum
660 3580 694 3628 d
728 3582 780 3629 et
813 3583 849 3640 t,
889 3584 949 3628 ut
989 3576 1201 3643 docent,
1256 3592 1384 3642 quos
1426 3577 1607 3627 laudat
1638 3576 2025 3627 Drakenborch.
2068 3573 2137 3623 ad
2171 3571 2267 3623 Sil.
2303 3570 2417 3619 Ital.

361 3662 408 3726 1,
443 3666 524 3719 11.
563 3692 624 3703 —
657 3668 712 3713 in
745 3678 864 3726 aqu-o
905 3664 1139 3714 Venetam
1174 3660 1455 3725 Ambuceio)
1488 3660 1572 3711 Ita
1604 3660 1740 3714 Pan.
1774 3658 1947 3709 Ambr.
1984 3658 2090 3722 Mg.
2124 3654 2245 3710 Par,
2281 3654 2417 3717 Epis.
