2567 4084
1163 108 1246 174 55

163 289 469 357 hincinde
504 289 858 378 suscipiens
888 288 1150 356 flumina
1179 289 1246 354 in
1278 289 1539 356 modum
1564 290 1808 376 spinae,
1834 310 1998 378 quae
2022 297 2233 362 costas

164 394 238 455 ut
281 395 519 456 cratem
560 383 904 456 intexunt.‘
945 388 1222 456 Omnino
1270 387 1697 475 amplissimus
1742 393 1869 473 est,
1936 392 2046 478 qui
2106 394 2234 460 lin-

163 507 294 572 gua
335 490 684 554 Bessorum
725 489 943 554 Hister
984 492 1288 573 vocatur,
1339 487 1627 554 ducentis
1668 493 1913 555 tantum
1954 491 2232 576 pedibus

162 587 232 651 in
273 585 480 652 altum
521 607 753 674 aquam
797 588 864 652 in
909 587 1093 654 alveo
1135 586 1336 652 habet
1361 587 1760 674 profundam.
1828 587 1955 654 Hic
2000 592 2233 660 etenim

163 686 369 750 amnis
420 686 586 753 inter
641 692 851 753 cetera
900 687 1164 754 flumina
1216 685 1284 751 in
1328 705 1631 770 magnum
1690 705 1907 754 omnes
1972 695 2235 776 superat

162 789 420 869 praeter
460 785 694 854 Nilum.
777 786 960 853 Haec
1003 786 1081 854 de
1113 783 1419 852 Danubio
1464 784 1704 852 dixisse
1747 786 2037 853 sufficiat.
2121 788 2234 856 Ad

163 883 568 970 propositum
610 906 800 972 vero,
861 887 1030 954 unde
1085 905 1204 951 nos
1260 883 1528 970 digressi
1570 905 1824 971 sumus,
1886 887 2232 973 adiuvante

165 983 426 1050 domino
470 985 820 1052 redeamus

325 1099 518 1164 X111.
586 1101 881 1184 Longum
924 1119 1198 1187 namque
1237 1105 1386 1185 post
1411 1099 1818 1168 intervallum
1860 1102 2230 1172 Domitiano

161 1198 546 1285 imperatore
587 1203 892 1284 regnante
909 1247 928 1282 ,
981 1199 1120 1264 eius
1165 1197 1499 1264 avaritiam
1542 1205 1927 1284 metuenteS,
1980 1203 2230 1290 foeduS,

165 1297 338 1384 quod
397 1297 640 1364 dudum
699 1317 846 1364 cum
901 1297 1044 1362 aliis
1100 1296 1500 1382 principibus
1556 1297 1969 1384 pepigerant,
2032 1301 2233 1370 Gothi

161 1398 486 1463 solventes
505 1447 522 1481 ,
583 1399 788 1484 ripam
831 1397 1120 1462 Danubii
1165 1396 1295 1462 iam
1336 1396 1527 1480 longe
1569 1416 1930 1482 possessam
1984 1399 2067 1465 ab
2110 1400 2235 1466 im-

159 1497 339 1583 perio
367 1499 683 1580 Romano,
709 1495 932 1561 deletis
961 1492 1270 1560 militibus
1300 1514 1443 1560 cum
1471 1516 1687 1561 eorum
1718 1497 1987 1564 ducibus
2014 1505 2233 1566 vasta-

162 1761 439 1812 duodeoies
461 1765 680 1813 centena
699 1778 946 1828 passuum
969 1747 1152 1826 millia,
1188 1767 1316 1828 quot
1349 1761 1505 1812 etiam
1530 1761 1814 1814 Gobelinus
1836 1769 2069 1816 nostrum
2089 1782 2235 1820 secu·

159 1849 245 1895 tus
279 1845 510 1895 exhibet.
577 1845 817 1895 Proxime
859 1845 1062 1895 accedit
1101 1845 1168 1896 ad
1209 1846 1351 1895 hunc
1395 1859 1642 1910 passuum
1680 1863 1953 1898 numerum
1984 1849 2235 1904 Aethicus

160 1943 214 1993 p.
247 1931 331 1980 40.
371 1927 453 1978 ed.
493 1927 716 1979 Gronov.
765 1945 812 1978 a.
853 1930 1000 1990 1696,
1049 1929 1137 1992 qui
1177 1929 1403 1977 undecies
1446 1933 1722 1992 nonaqt'nta
1769 1937 1874 1980 octo
1920 1936 2086 1982 millia
2132 1935 2235 1998 (ita

160 2013 297 2062 em’m
319 2011 612 2077 legendum,
637 2026 758 2075 non,
782 2017 843 2061 ut
863 2013 1035 2078 vulgo,
1059 2013 1281 2062 undecies
1301 2019 1547 2078 mmmm
1570 2019 1819 2076 octoyinta
1840 2017 2030 2080 millia)
2042 2017 2233 2082 prodit.

159 2095 230 2144 Et
261 2095 407 2145 haud
441 2091 548 2144 scio
581 2111 650 2144 an
684 2094 937 2160 Iordanis,
974 2111 1134 2160 quum
1161 2111 1256 2146 sua
1279 2098 1653 2163 conscribebat,
1688 2099 1965 2150 Aethicum
1995 2115 2235 2165 respexe-

160 2179 252 2243 rit,
300 2177 395 2229 sed
429 2178 531 2242 ita,
575 2182 658 2242 ut,
704 2194 806 2243 quo
840 2179 1109 2230 rotundior
1149 2178 1322 2244 fieret,
1367 2194 1638 2230 numerum
1682 2196 1929 2246 passuum
1962 2185 2235 2249 paululum

161 2261 454 2326 ampliaret.
493 2287 556 2296 —
602 2267 674 2311 est
707 2260 812 2328 qui)
847 2262 927 2312 Ab
962 2263 1044 2312 ed.
1080 2261 1363 2313 Lindenbr.
1401 2263 1676 2314 relativum
1710 2265 1875 2316 abest.
1921 2293 1989 2302 —
2035 2271 2231 2332 linqua)

159 2346 247 2399 Sic
295 2360 394 2410 pro
443 2345 586 2410 vulg.
629 2349 686 2394 in
719 2349 892 2408 linqua
933 2345 1068 2398 Pall.
1105 2360 1220 2396 cum
1251 2345 1397 2411 Epit.
1432 2375 1500 2384 --
1543 2351 1600 2396 in
1632 2347 1788 2414 alveo)
1839 2347 1927 2398 Sic
1959 2364 2053 2413 pro
2089 2339 2229 2418 vulg.

158 2434 298 2480 alveo
342 2429 478 2478 Pau.
517 2455 580 2465 -
624 2432 682 2478 in
721 2425 982 2494 maynum)
1027 2427 1116 2480 Sic
1159 2429 1295 2479 Pall.
1340 2429 1433 2478 sed
1478 2429 1654 2480 Ambr.
1704 2445 1822 2480 cum
1866 2430 1973 2497 Mg.
2016 2433 2134 2483 Par.
2176 2437 2234 2484 in

161 2525 344 2576 mayno
354 2532 376 2574 ,·
409 2529 458 2563 v.
494 2515 749 2562 immanis.
785 2539 852 2550 -
886 2513 1156 2562 adiuvante
1188 2511 1419 2577 domino)
1454 2511 1552 2562 Ed.
1592 2511 1738 2562 Grut.
1775 2517 1978 2567 iuvante
2011 2519 2228 2567 domino·

290 2612 421 2679 Cap.
457 2611 606 2660 XIII.
665 2612 890 2674 Lonyum
909 2627 1121 2684 namque
1136 2615 1254 2673 post
1279 2611 1623 2678 intervallum)
1658 2611 1977 2664 Particulam
2000 2631 2231 2682 namque,

162 2697 435 2762 expulsam
467 2713 502 2746 a
533 2697 754 2746 Vulcan.
793 2711 823 2746 e
855 2700 1019 2762 textu,
1053 2695 1238 2745 reduxi
1272 2711 1337 2746 ex
1372 2695 1487 2745 edd.
1524 2697 1767 2760 antiquis.
1803 2724 1870 2734 —
1916 2697 2141 2762 Lamum
2166 2726 2231 2736 —

163 2779 421 2848 reynante)
440 2780 614 2830 Ambr-
629 2781 796 2843 Lonyo
815 2786 1150 2844 namquepost
1165 2783 1427 2830 intervallo
1444 2781 1739 2831 Domitiano
1757 2785 2115 2845 imperavita-
2130 2801 2233 2835 me-

159 2865 370 2926 tuentes)
405 2863 621 2913 Mallem
641 2867 899 2929 intuentes,
932 2864 1010 2913 ita
1040 2868 1099 2913 ut
1130 2861 1389 2928 significet
1409 2864 1663 2929 IordaniS‚
1700 2865 1961 2930 stipendia
1982 2867 2075 2916 illa
2099 2881 2233 2932 quae
2260 2914 2263 2917 .

159 2946 414 2999 donorum
435 2948 642 2998 nomine
663 2947 961 3012 acceperint
984 2944 1143 2996 Gothi
1195 2944 1329 3010 (sive
1346 2944 1517 3014 Daci),
1555 2947 1630 2998 eis
1662 2963 1769 2999 non
1797 2949 2108 3001 satisfecisse
2141 2955 2235 3004 aut

157 3044 390 3082 cessasse
429 3030 601 3078 etiam.
671 3031 806 3080 Nam
847 3030 1206 3080 Domitianum
1252 3029 1389 3080 dona
1429 3031 1543 3096 regi
1584 3031 1793 3081 illorum
1837 3037 1889 3082 et
1933 3033 2134 3084 misisse
2178 3039 2233 3086 et

159 3112 418 3164 mittenda
445 3113 503 3162 in
535 3119 798 3177 posterum
831 3114 888 3164 in
919 3127 978 3164 se
1009 3114 1266 3178 recepisse
1301 3112 1513 3164 tradunt
1544 3113 1647 3164 Dio
1683 3113 1893 3166 Cassius
1924 3115 2143 3182 LXVII,
2178 3117 2229 3168 7.

155 3197 406 3262 vam,
443 3199 490 3248 6.
522 3203 576 3248 et
607 3199 834 3249 Zonaras
867 3198 946 3248 XI
960 3235 974 3263 ,
1020 3200 1102 3268 21.
1171 3197 1462 3248 Verborum
1494 3201 1667 3247 autem
1710 3203 1923 3247 metuere
1965 3201 2018 3248 et
2048 3201 2233 3248 intueri

154 3283 436 3348 participia
468 3287 520 3333 et
553 3283 684 3332 alias
717 3286 1109 3347 commutantur,
1143 3286 1204 3332 ιιι
1225 3282 1358 3346 Nep.
1383 3279 1503 3344 VII,
1528 3282 1579 3344 4,
1607 3283 1652 3329 1.
1678 3281 1745 3345 X,
1770 3282 1819 3345 8,
1848 3283 1894 3331 1.
1934 3307 1997 3318 ·-
2038 3277 2231 3346 deletis)

154 3365 244 3417 Sic
278 3366 415 3416 Pall.
451 3366 628 3418 Ambr.
663 3365 796 3416 Rod.
831 3365 961 3416 Exc.
997 3369 1051 3416 et
1083 3364 1235 3414 Bonf.
1273 3363 1455 3414 eodem
1490 3363 1634 3412 ducit
1663 3363 1818 3413 lectio
1852 3361 1959 3429 Mg.
1994 3363 2112 3413 Par.
2150 3365 2232 3414 de-

156 3454 305 3502 lectis.
368 3449 652 3516 Vulgatam
685 3452 896 3516 deiectis,
931 3450 978 3501 si
1007 3449 1131 3500 libri
1163 3447 1498 3511 addixissent,
1533 3447 1882 3520 retinuissemz
1920 3446 2115 3511 quippe
2147 3449 2229 3498 de-

151 3539 296 3588 iicere
328 3550 428 3600 pro
457 3541 779 3601 prosternere,
813 3537 1080 3598 interficere
1114 3533 1307 3598 optime
1341 3531 1462 3594 dici,
1498 3530 1685 3582 docent
1719 3529 1943 3580 Gronov,
1968 3529 2037 3578 ad
2058 3530 2227 3581 Tacit.

154 3617 291 3670 Ann.
325 3618 423 3683 IV,
459 3620 546 3676 25.
578 3619 649 3670 ad
680 3621 801 3673 Liv.
833 3619 1006 3685 XXII,
1041 3620 1123 3669 24.
1158 3619 1333 3670 Burm-
1360 3616 1431 3667 ad
1452 3614 1673 3666 Phaedr.
1700 3613 1771 3680 11,
1796 3616 1846 3679 2,
1876 3616 1927 3667 3.
1960 3613 2223 3666 Drakenb.
