2567 4084
1294 109 1333 174 8

445 287 663 354 Habet
706 307 958 374 quoque
1014 289 1070 353 is
1129 288 1266 374 ipse
1321 287 1666 353 immensus
1722 289 1991 377 pelagus
2045 289 2112 353 in
2164 295 2347 375 parte

275 389 525 465 arctoa,
584 387 652 452 id
697 391 792 454 est
849 384 1362 474 septentrionali,
1421 387 1699 474 amplam
1756 387 2031 453 insulam
2088 388 2349 453 nomine

279 486 636 553 Scandzam
658 536 675 568 ,
718 486 890 552 unde
945 485 1134 552 nobis
1189 505 1431 569 sermo,
1492 487 1544 552 si
1590 486 1881 552 dominus
1926 487 2195 570 iuverit,
2252 489 2349 552 est

277 586 721 670 assumenduS,
769 585 920 672 quia
961 605 1141 670 gene,
1187 585 1367 652 euius
1398 585 1705 670 originem
1735 584 2008 670 flagitaS,
2047 584 2129 651 ab
2155 584 2347 652 huius

271 686 522 752 insulae
563 685 828 770 gremio,
877 684 1055 750 velut
1098 705 1365 750 examen
1396 704 1589 773 apum
1619 705 1976 772 erumpenS,
2016 685 2083 750 in
2113 686 2348 749 terram

274 785 573 872 Europae
617 783 898 849 advenit.
989 784 1331 869 Quomodo
1374 805 1527 850 vero
1572 789 1684 850 aut
1728 784 2029 872 quanter,
2061 785 2141 848 in
2182 782 2349 848 sub-

183 949 196 955 -
275 883 722 972 sequentibus,
770 882 824 948 si
865 883 1162 949 dominus
1207 883 1559 961 donaverit,
1606 883 2114 970 explanabimus,

449 999 540 1065 ΙΙ.
623 999 811 1066 Nunc
854 1004 1066 1083 autem
1111 999 1190 1064 de
1232 1000 1562 1065 Britannia
1605 999 1809 1064 insula
1826 1049 1847 1082 ,
1891 1018 2052 1085 quae
2094 999 2161 1062 in
2205 998 2351 1064 sinu

420 1187 465 1232 is
487 1187 593 1245 ipse
609 1210 675 1220 --
688 1187 921 1248 pelayusj
949 1184 1032 1232 Ita
1054 1183 1250 1233 habent
1273 1199 1613 1248 quaecunque
1634 1183 1879 1233 Vulcanii
1900 1181 2212 1232 antecedunt
2235 1181 2353 1233 edd.

283 1267 332 1316 is
349 1267 544 1330 primus
577 1265 676 1315 hoc
696 1269 862 1328 ipsum
893 1270 1191 1317 immensum
1207 1271 1415 1330 petoque
1440 1281 1469 1316 e
1490 1267 1600 1332 Mg.
1622 1266 1763 1316 dedit
1786 1266 1903 1317 Par.
1932 1266 2145 1330 eiusque
2180 1279 2245 1315 ex
2267 1265 2350 1315 ed.

274 1351 407 1402 haec
446 1350 600 1399 lectio
629 1349 686 1398 in
718 1350 980 1400 insecutas
1011 1351 1176 1400 fluxit.
1245 1350 1609 1414 Astipulantur
1642 1355 1819 1400 autem
1848 1349 2059 1398 lectioni
2092 1364 2125 1398 a
2158 1364 2239 1398 me
2270 1364 2353 1398 re-

279 1434 493 1486 stitutae
520 1438 572 1483 et
592 1432 694 1497 ipsi
710 1432 842 1482 Pau.
862 1439 922 1487 ut
943 1449 1050 1484 non
1069 1433 1269 1482 librarii
1289 1431 1379 1480 hic
1400 1431 1639 1482 videatur
1661 1433 1874 1482 subesse
1893 1433 2093 1497 vitium,
2118 1431 2211 1482 sed
2230 1447 2353 1482 auc-
2448 1433 2455 1444 '

275 1518 402 1568 toris
430 1516 515 1566 vel
537 1517 726 1566 aetatis
745 1517 945 1580 potius:
971 1517 1048 1566 sic
1068 1517 1321 1566 Paulinus
1342 1517 1599 1566 Petrocor.
1622 1515 1713 1565 vit.
1738 1515 1946 1565 Mai-tin.
1966 1515 2027 1564 L.
2044 1518 2091 1563 1.
2114 1529 2167 1579 p.
2190 1517 2241 1564 8.
2268 1514 2349 1566 ed.

278 1599 384 1652 Pis.
417 1603 652 1662 pelaqum
671 1600 938 1662 fluctusque
963 1605 1129 1661 petens
1163 1605 1216 1650 et
1237 1599 1575 1652 Cassiodorus
1596 1597 1799 1648 Variar.
1832 1597 1980 1661 VIII,
2008 1599 2087 1646 10.
2126 1613 2237 1646 cum
2265 1599 2353 1661 fa·

274 1687 462 1732 rentem
499 1685 731 1744 pecayum
769 1696 950 1744 spuma
988 1687 1249 1732 testaretur
1288 1684 1556 1734 undae-um.
1614 1709 1679 1718 —-
1729 1677 2033 1746 Scandzam)
2067 1678 2153 1728 Ita
2189 1679 2352 1729 libros

279 1766 490 1828 habere,
516 1769 737 1815 testatur
761 1759 970 1815 Grotius
993 1765 1194 1831 Proleg.
1214 1781 1267 1829 p.
1287 1767 1335 1814 2.
1360 1765 1576 1815 eandem
1600 1765 1902 1828 scripturam
1928 1762 2033 1826 Mg.
2056 1762 2173 1810 Par.
2198 1761 2354 1824 sistit,

182 1840 188 1848 ”
277 1850 532 1900 monitum
567 1854 741 1900 tamen
765 1853 845 1898 est
866 1849 941 1898 ibi
965 1849 1074 1913 legi
1100 1850 1258 1898 etiam
1279 1849 1539 1911 Scaurum,
1562 1849 1855 1906 Scandiam,
1892 1846 2186 1895 Scandram.
2220 1842 2354 1892 Pall.

285 1948 493 1998 quoque
516 1932 734 1984 eandem
755 1931 1000 1980 exhibere
1020 1930 1313 1994 lectionem,
1336 1931 1427 1980 vix
1448 1931 1759 1982 dubitarim:
1801 1943 1955 1992 quam
1988 1928 2127 1976 enim
2152 1931 2214 1977 ut
2236 1941 2361 1976 con-

279 2020 505 2066 stantem
537 2015 672 2067 Pall.
709 2015 767 2064 in
804 2015 941 2064 notis
979 2019 1333 2078 repraesentat
1370 2014 1647 2065 lectionem
1688 2011 1937 2062 Gruterus
1974 2010 2247 2072 Santicum,
2292 2024 2357 2060 ea

287 2115 562 2164 operarum
582 2100 748 2164 magis
771 2097 1007 2150 socordia
1040 2096 1246 2147 videtur
1267 2102 1397 2163 orta,
1433 2113 1587 2162 quam
1606 2096 1771 2148 nostri
1792 2100 1884 2144 aut
1902 2093 2228 2142 librariorum
2249 2107 2357 2142 ma-

277 2196 394 2235 nus.
467 2179 584 2232 Stat
622 2195 826 2246 quoque
859 2196 894 2230 a
931 2181 1156 2230 lectione
1190 2185 1399 2245 recepta
1421 2181 1623 2231 Monac.
1649 2193 1853 2229 necnon
1888 2178 1976 2241 qui
2012 2173 2262 2240 nostrum,
2297 2180 2360 2226 ut

279 2264 394 2329 ipse
423 2269 658 2328 testatur,
693 2265 928 2328 sequitur
951 2261 1289 2328 Geographus
1320 2252 1450 2312 Bar.
1485 2263 1542 2326 1,
1570 2265 1648 2312 12.
1675 2261 1741 2325 V,
1778 2261 1862 2310 30.
1896 2260 1973 2309 ita
2002 2264 2195 2323 tamen,
2229 2263 2290 2308 ut
2323 2259 2359 2308 d

285 2347 488 2397 literam
531 2349 752 2400 omittat.
797 2346 996 2396 Eodem
1034 2361 1137 2410 quo⁴
1157 2347 1435 2396 Ravennae
1474 2345 1626 2396 modo
1669 2357 1966 2408 expressum
2003 2346 2360 2406 repraesentat

279 2443 482 2494 semper
489 2430 810 2494 Freculphus
832 2443 1050 2490 nomen3
1073 2430 1347 2478 Scandtam
1370 2444 1491 2479 vero
1510 2429 1687 2480 Ambr.
1704 2431 1756 2476 et
1772 2425 1904 2480 Rod.
1924 2425 2113 2476 sistunt
2134 2439 2354 2490 semper,

277 2528 378 2578 quo
419 2512 572 2563 modo
598 2512 810 2564 Graecis
855 2527 1058 2577 quoque
1091 2518 1152 2562 ut
1181 2513 1476 2563 Ptolemaeo
1500 2512 1580 2575 II,
1610 2513 1689 2574 11,
1726 2512 1809 2563 34.
1845 2508 2175 2574 Agathemeri
2209 2509 2281 2574 H,
2308 2512 2357 2561 1.

277 2593 537 2662 Σκανδία,
562 2601 643 2648 est
672 2596 853 2646 eadem
873 2595 1046 2645 insula
1079 2596 1216 2660 quod
1239 2601 1411 2646 tamen
1435 2595 1615 2644 eodem
1636 2594 1797 2645 redit:
1823 2609 1945 2644 nam
1969 2591 2173 2657 syllaba
2198 2587 2255 2643 δι
2271 2592 2360 2642 vel

277 2681 332 2728 ds·
361 2679 418 2730 in
441 2677 470 2738 ζ
491 2680 578 2730 vel
607 2697 640 2738 z
670 2681 875 2729 literam
907 2678 1020 2728 abit
1062 2693 1454 2742 nonnunquam,
1498 2682 1557 2727 ut
1586 2681 1890 2726 annotatum
1914 2683 1994 2728 est
2024 2678 2161 2728 infra
2194 2693 2239 2729 c.
2274 2679 2357 2727 17.

278 2761 462 2812 Lectio
486 2762 632 2828 vulg.
656 2764 888 2822 scanzia,
913 2777 946 2810 a
969 2775 1069 2825 quo
1091 2760 1220 2812 Exc.
1247 2774 1451 2825 quoque
1474 2764 1629 2824 stant,
1652 2759 1775 2808 inde
1802 2761 1868 2810 ab
1896 2761 1977 2812 ed.
2001 2778 2081 2827 pr.
2103 2764 2157 2812 in
2183 2775 2361 2812 omnes

283 2850 363 2896 est
393 2851 697 2911 propagata.
755 2845 915 2894 Plura
946 2844 1012 2893 de
1033 2842 1289 2906 scriptura
1310 2843 1532 2893 nominis
1556 2844 1771 2907 eiusque
1794 2845 2136 2909 originatione
2160 2847 2361 2897 dabunt

284 2927 557 2979 Cluverius
581 2927 642 2978 G.
668 2928 734 2980 A.
759 2929 821 2978 L.
845 2928 944 2980 HL
969 2944 1013 2978 c.
1039 2929 1122 2981 38.
1160 2925 1371 2977 Grotius
1402 2925 1604 2992 Proleg.
1638 2941 1692 2991 p.
1718 2928 1768 2980 2.
1792 2928 1843 2976 3.
1880 2927 2123 2979 Zeussius
2143 2929 2226 2978 int
2262 2929 2361 2978 Dte

279 3013 562 3062 Dera-schem
581 3029 632 3062 u.
659 3014 739 3062 die
761 3012 1198 3062 Nachbarstcimme
1219 3028 1272 3077 p.
1300 3014 1414 3063 157.
1440 3029 1495 3064 n.
1517 3015 1567 3064 2.
1600 3012 1643 3062 Ι.
1665 3011 1942 3062 Grimmius
1964 3013 2046 3062 in:
2086 3014 2360 3062 Geachichte

275 3096 328 3146 a.
354 3095 564 3146 aenaea.
589 3096 700 3158 Spe.
737 3095 797 3144 T.
825 3095 898 3145 11.
923 3107 978 3158 p.
1005 3097 1120 3148 727.
2085 3087 2089 3090 ’

418 3194 546 3258 Cap.
570 3194 642 3245 H.
711 3197 852 3245 Nunc
883 3195 1074 3262 autem)
1107 3195 1216 3260 Mg.
1238 3194 1355 3244 Par.
1380 3197 1513 3243 enim
1534 3211 1548 3245 ε
1586 3200 1754 3243 utram
1776 3197 1951 3244 tamen
1973 3193 2233 3257 praeferas
2256 3193 2361 3242 lec·

282 3278 494 3341 tionem,
518 3276 734 3342 perinde
757 3284 862 3339 est3
898 3278 1037 3328 idem
1071 3277 1287 3343 emergit
1318 3293 1512 3328 sensus.
1582 3277 1791 3342 Quippe
1810 3293 1936 3326 ‘nam
1960 3282 2011 3326 et
2032 3280 2179 3337 enim,
2212 3291 2359 3324 nam·

281 3375 372 3423 que
397 3365 448 3410 et
471 3365 648 3410 etenim
669 3362 958 3425 particulae
993 3377 1026 3410 a
1048 3362 1225 3426 lapsae
1251 3361 1553 3411 Latinitatis
1576 3361 1913 3426 scriptoribus
1946 3359 2135 3408 millies
2156 3373 2359 3422 ponun-

281 3451 392 3510 tur,
450 3447 638 3511 quibus
676 3445 921 3495 transitus
965 3443 1059 3493 fiat
1075 3481 1090 3507 ,
1141 3444 1265 3508 quin
1306 3442 1583 3508 quidquam
1620 3443 1985 3507 praecesserit,
2034 3442 2181 3492 cuius
2226 3440 2359 3490 ratio

279 3527 541 3580 reddatur.
611 3525 766 3589 Quod
793 3531 851 3576 ut
875 3527 1237 3590 comprobetur
1270 3527 1545 3592 congestis,
1581 3541 1737 3591 quum
1773 3527 1951 3576 multis
1984 3526 2113 3575 locis
2136 3529 2189 3574 et
2220 3522 2360 3588 apud

280 3615 515 3661 nostrum
535 3610 884 3673 inveniantur,
907 3625 1012 3660 non
1036 3625 1166 3674 opus
1189 3615 1270 3660 est
1294 3609 1558 3673 exemplis.
