2567 4084
1238 181 1297 228 11

222 343 538 432 repetitus
582 344 794 412 denuo
834 344 901 411 in
941 345 1148 410 lucem
1191 343 1578 409 emitteretur
1595 393 1613 429 ‚
1668 365 1890 411 verum
1906 394 1927 432 ‚
1988 346 2289 435 quoniam

227 443 510 510 conditio
544 450 749 532 «atque
791 444 994 509 forma
1034 442 1206 506 illius
1250 461 1329 508 ea
1372 448 1526 526 erat,
1572 463 1712 530 quae
1752 445 2033 511 melioris
2072 465 2290 511 emen-

229 542 619 630 datiorisque
661 547 949 610 moveret
992 540 1400 626 desiderium,
1442 542 1613 608 hunc
1654 544 1811 608 mihi
1851 543 2137 610 laborem
2179 563 2288 610 su·-

226 641 527 707 mendum
558 661 697 708 esse
727 640 1108 724 existimavi,
1149 645 1224 706 ut
1265 644 1602 708 contextus
1644 644 1727 709 ad
1756 644 1944 711 fidem
1973 644 2289 712 bonorum

224 739 544 807 ‘librorum
563 741 930 826 castigatuS,
954 739 1382 806 conformatus
1402 742 1775 829 mendisque
1801 763 1991 829 quam
2013 743 2290 810 maxime

199 921 202 925 ἱ
231 845 543 928 purgatus
573 845 657 925 et,
685 845 990 927 quantum
1019 860 1136 927 pro
1158 838 1588 906 subsidiorum
1615 843 1857 908 ratione
1886 843 2024 909 fieri
2050 847 2289 931 posset,

233 941 584 1025 integritati
642 961 772 1007 suae
823 940 1152 1007 restitutus
1208 940 1631 1006 exhiberetur.
1730 941 1937 1026 Quem
1986 943 2055 1007 in
2099 943 2315 1022 finem,

235 1040 611 1128 conquisitis
665 1040 948 1128 undique
1001 1045 1065 1106 et
1107 1039 1355 1106 collatis
1408 1040 1573 1106 inter
1632 1059 1701 1105 se
1743 1041 2000 1127 optimis
2019 1089 2037 1124 ,
2094 1045 2291 1127 quot-

235 1145 390 1226 quot
431 1139 588 1205 mihi
627 1140 1071 1224 innotuerunt,
1117 1139 1502 1208 editionibus
1544 1137 1812 1226 aliisque
1855 1138 2069 1204 multis
2088 1187 2106 1224 ,
2150 1159 2292 1225 quae

231 1243 445 1305 textus
487 1238 842 1307 rationibus
879 1239 1012 1306 ullo
1051 1238 1242 1305 modo
1269 1239 1526 1325 profore
1556 1237 1942 1322 viderentur,
1987 1237 2291 1304 subsidiis

233 1344 487 1405 strenue
529 1339 924 1427 impigreque
953 1356 1448 1422 remaggressus
1492 1336 1794 1403 molestiae
1836 1337 2291 1424 plenissimam,

232 1442 382 1524 post
425 1437 769 1505 exhaustos
812 1437 1048 1505 multos
1090 1437 1345 1504 labores
1388 1437 1458 1502 id
1500 1437 1779 1502 effecisse
1822 1436 2081 1502 tandem
2135 1435 2293 1501 mihi

235 1533 482 1616 videor,
525 1541 598 1603 ut
639 1537 868 1618 infiniti
912 1536 1039 1603 sint
1079 1555 1259 1623 paene
1304 1537 1629 1624 scriptoris
1672 1536 1873 1603 nostri
1916 1534 2043 1603 loci
2069 1535 2137 1601 in
2170 1536 2292 1601 hac

237 1633 376 1700 sive
417 1637 852 1721 recognitione
895 1637 1032 1702 sive
1083 1635 1451 1702 recensione
1472 1685 1489 1720 ,
1550 1657 1709 1722 quos
1769 1656 1849 1702 ex
1912 1635 2294 1722 scriptorum

233 1734 696 1821 exemplarium
719 1740 1154 1822 veterumque,
1201 1755 1341 1822 quae
1386 1756 1467 1802 ex
1507 1736 1634 1801 illis
1676 1735 2017 1818 fluxerunt,
2063 1734 2293 1800 editio-

229 1851 385 1898 num
455 1835 832 1909 auctoritate
889 1835 1226 1901 emendare
1285 1840 1351 1902 et
1406 1836 1738 1902 restituere
1804 1832 1962 1898 mihi
2018 1832 2289 1916 licuerit,

230 1937 424 2019 atque
465 1939 680 2001 textus
721 1935 851 2000 iam
892 1939 1377 2022 repraesentetur
1405 1933 1751 2015 lectoribus
1778 1932 2055 1998 immane
2084 1951 2289 2019 quan-

145 2049 150 2062 ·
219 2023 368 2098 -tu'm
425 2033 717 2100 diversus
771 2055 812 2100 a
867 2035 1118 2119 vulgari
1171 2039 1364 2121 atque
1388 2083 1405 2118 ,
1458 2039 1533 2099 ut
1590 2052 1710 2118 ego
1768 2032 2027 2118 quidem
2084 2051 2297 2119 spero,

231 2131 622 2199 emendatior
693 2138 756 2200 et
826 2134 1048 2221 purior
1120 2152 1324 2220 eoque
1411 2133 1554 2220 ipso
1624 2132 1831 2216 magis
1894 2131 2291 2218 perspicuus.

231 2232 682 2320 Perspicuitati
723 2239 938 2300 autem
967 2236 1157 2300 etiam
1200 2238 1443 2300 mutata
1483 2233 1551 2298 in
1594 2233 1819 2299 melius
1863 2231 2291 2307 distinctione,

237 2333 620 2421 pravissima
664 2334 924 2421 quidem
975 2333 1088 2399 illa
1141 2333 1301 2398 loeis
1362 2331 1534 2398 haud
1589 2333 1833 2418 pauciS,
1889 2331 2297 2418 prospexisse

236 2431 394 2496 mihi
451 2431 696 2500 videor.
797 2433 1004 2501 Simul
1045 2434 1170 2498 hoc
1225 2433 1375 2497 dedi
1438 2451 1731 2518 operam,
1789 2437 1863 2520 ut
1910 2430 2298 2498 editionibus

101 2623 106 2628 θ
235 2531 562 2598 veteribus
605 2539 898 2600 accurate
939 2533 1104 2598 inter
1135 2551 1204 2599 se
1234 2531 1503 2615 collatiS‚
1548 2532 1721 2596 unde
1748 2531 2054 2616 cuiusque
2082 2535 2296 2596 textus

234 2628 466 2696 ductus
495 2637 662 2697 esset
687 2633 984 2719 undeque
1012 2632 1202 2698 lectio
1236 2651 1505 2718 qumque
1530 2629 1841 2713 fluxisset,
1880 2628 2293 2696 ostenderem.

229 2728 556 2796 Praetereav
590 2734 873 2820 exceptis
916 2733 993 2798 iis
1008 2782 1026 2816 ,
1073 2751 1214 2818 quae
1268 2730 1465 2797 obvia
1502 2729 1572 2794 in
1612 2727 1977 2794 nominibus
2020 2728 2296 2816 propriis

232 2828 301 2892 in
357 2829 744 2898 editionibus
800 2831 1087 2920 principe
1150 2835 1214 2896 et
1253 2829 1673 2896 Rhenaniana
1713 2827 1819 2892 vel
1861 2828 2044 2914 pueri
2090 2827 2298 2915 corri-

233 2934 457 3013 gerent
476 2978 495 3015 ,
560 2931 841 3017 peccatis
865 2981 883 3016 ‚
943 2951 1222 2998 omnems
1255 2933 1511 2997 omnino
1570 2927 1861 2995 lectionis
1903 2927 2298 3010 varietatem,
2420 2997 2425 3000 .
2542 3005 2544 3010 .

236 3049 446 3117 neque
485 3031 806 3115 universe,
851 3030 964 3097 sed
1007 3030 1274 3116 singulis
1302 3029 1643 3110 nominatis
1669 3028 1873 3110 libris,
1918 3045 1999 3093 ne
2041 3027 2303 3092 minima

243 3130 502 3215 quidem
531 3129 958 3218 discrepantia
993 3130 1304 3214 neglecta,
1350 3128 1687 3214 diligenter
1730 3132 2050 3194 enotatam
2090 3137 2301 3212 appo·

238 3247 390 3296 nere
433 3234 530 3296 est
571 3230 782 3296 visum
800 3279 818 3314 ,
874 3234 951 3295 'ut
991 3249 1121 3296 non
1161 3228 1355 3294 modo
1398 3226 1710 3295 haberent
1747 3228 2014 3294 lectores
2032 3275 2050 3309 ‚
2104 3225 2299 3311 quod,

238 3328 296 3395 si
338 3335 598 3417 recepta
637 3329 828 3396 lectio
857 3331 1015 3417 ipsis
1043 3349 1173 3394 non
1203 3328 1529 3412 arrideret,
1574 3328 1779 3412 magis
1806 3327 2073 3393 fortasse
2099 3325 2303 3412 placi-

235 3431 450 3495 turum
483 3428 622 3495 sibi?
634 3423 716 3496 ex
739 3429 911 3496 omni
947 3428 1136 3516 copia
1175 3428 1749 3513 accommodarent,
1794 3426 1907 3507 sed
1948 3443 2303 3510 cognosce-

236 3533 379 3593 rent
436 3549 690 3616 quoque
745 3531 938 3610 etiam
992 3530 1059 3595 in
1127 3528 1465 3594 Iordanem
1489 3577 1507 3610 ,
1583 3547 1941 3614 quanquam
2013 3522 2302 3612 plurimis

243 3627 664 3714 scriptoribus
704 3630 986 3717 antiquis
1028 3629 1229 3712 multo
1265 3627 1627 3694 inferiorem
1668 3631 1877 3711 aetate,
1918 3637 2053 3692 'non
2094 3626 2301 3690 minus
