2567 4084
1153 122 1276 189 193⁴

183 304 305 395 diu
340 307 489 392 post
528 303 685 372 haec
726 308 791 371 et
829 322 943 373 rex
968 302 1358 371 Theodemir
1397 303 1470 369 in
1509 302 1767 371 civitate
1798 302 2022 391 cerras
2065 265 2246 371 fatali

181 403 583 493 aegritudine
612 408 987 493 occupatus,
1015 404 1261 493 vocatis
1292 403 1520 491 Gothis
1550 386 2013 493 Theodericum
2041 403 2245 471 filium

182 504 373 591 regni
412 503 511 571 sui
550 502 841 593 designat
880 503 1269 585 haeredem,
1305 506 1366 569 et
1407 503 1548 591 ipse
1589 522 1742 570 mox
1782 501 1974 570 rebus
2015 502 2244 569 huma-

182 604 288 673 nis
331 604 621 671 excessit.

359 750 565 818 LVII.
634 751 1099 818 Theodericum
1142 770 1294 818 vero
1325 752 1531 837 gentis
1563 770 1714 818 suae
1741 772 1952 839 regem
1983 754 2247 821 audiens

180 850 553 917 ordinatum
578 850 937 937 imperator
976 851 1176 931 Zen0,
1218 856 1398 935 grate
1443 852 1741 939 suscepit,
1787 854 1970 939 eique
2013 874 2248 919 evoca-

187 949 357 1016 toria
400 950 715 1015 destinata
759 949 841 1014 ad
885 968 955 1015 se
995 950 1063 1013 in
1104 948 1328 1014 urbem
1371 950 1590 1016 venire
1629 952 1976 1037 praecepit,
2020 952 2251 1037 digno-

186 1069 319 1137 que
362 1048 713 1135 suscipiens
753 1048 1029 1128 honore,
1085 1048 1251 1113 inter
1292 1066 1588 1134 proceres
1638 1050 1738 1114 sui
1780 1049 2005 1135 palatii
2047 1052 2249 1117 collo-

185 1148 381 1214 cavit.
466 1148 550 1213 Et
590 1152 737 1235 post
780 1148 1043 1234 aliquod
1066 1152 1321 1233 tempus
1365 1148 1448 1212 ad
1476 1146 1911 1233 ampliandum
1944 1147 2252 1217 honorem

182 1248 330 1314 eius
373 1248 442 1312 in
484 1266 659 1313 arma
704 1249 828 1315 sibi
872 1269 1016 1314 eum
1058 1247 1259 1311 filium
1303 1245 1657 1333 adoptavit,
1703 1245 1784 1310 de
1827 1245 2086 1330 suisque
2129 1248 2252 1313 sti-

188 1347 443 1436 pendiis
473 1347 863 1433 triumphum
904 1348 972 1413 in
1000 1345 1159 1413 urbe
1190 1346 1475 1425 donavit,
1516 1345 1848 1431 factusque
1890 1351 1986 1411 est
2028 1347 2258 1435 consul

191 1447 573 1530 ordinariuS,
619 1448 790 1533 quod
830 1466 1146 1513 summum
1184 1445 1428 1511 bonum
1470 1446 1871 1531 primumque
1911 1444 1979 1509 in
2015 1446 2252 1512 mundo

192 1547 392 1613 decus
436 1548 733 1631 edicitur3
789 1566 907 1612 nec
960 1550 1209 1611 tantum
1262 1545 1422 1627 hoc,
1481 1546 1590 1610 sed
1652 1544 1844 1608 etiam
1897 1550 2255 1631 equestrem

188 1650 471 1715 statuam
530 1646 613 1711 ad
654 1646 887 1711 famam
939 1644 1103 1709 tanti
1144 1644 1265 1709 viri
1313 1651 1458 1710 ante
1500 1644 1740 1729 regiam
1782 1643 2006 1729 palatii
2053 1644 2256 1710 collo-

188 1746 387 1812 cavit.
488 1746 666 1812 Inter
719 1746 880 1811 haec
952 1764 1104 1827 ergo
1162 1744 1596 1810 Theodericus
1653 1744 1933 1808 Zenonis
1987 1744 2256 1830 imperio

190 1846 451 1912 foedere
493 1846 791 1927 sociatus,
834 1845 988 1910 dum
1032 1843 1171 1929 ipse
1212 1844 1279 1907 in
1322 1842 1484 1909 urbe
1523 1842 1713 1908 bonis
1745 1842 2042 1908 omnibus
2083 1842 2258 1909 frue-

194 2097 416 2161 omissa,
457 2102 518 2146 ut
550 2097 767 2161 millies,
803 2097 1116 2163 aspiratione
1148 2099 1382 2145 eracliam
1413 2094 1606 2159 reperit
1619 2131 1632 2157 ,
1671 2094 1915 2144 conflavit
1948 2110 2063 2143 cum
2096 2100 2146 2145 et
2175 2110 2258 2147 co-

192 2180 327 2246 pula
356 2180 574 2243 primam
608 2180 863 2246 syllabam
896 2178 1162 2245 sequentis
1202 2178 1370 2242 vocis,
1415 2181 1475 2227 ut
1517 2176 1649 2227 haec
1687 2182 1930 2227 truncata
1973 2178 2030 2228 in
2071 2180 2257 2229 aeliam

192 2262 606 2327 relinqueretur3
642 2262 783 2327 quod
814 2263 872 2311 in
904 2266 1062 2311 aliam
1096 2278 1253 2327 quam
1274 2260 1428 2311 facile
1447 2260 1674 2324 potuerit
1695 2250 1856 2325 abire,
1892 2265 2128 2325 apertum
2160 2266 2256 2313 est.

193 2346 384 2395 sintice
416 2351 590 2396 autem
634 2344 692 2394 in
723 2346 868 2394 Suith
912 2360 975 2395 eo
1008 2345 1213 2395 facilius
1257 2344 1430 2408 potuit
1463 2343 1720 2407 corrumpi
1733 2379 1748 2407 ‚
1798 2342 1936 2407 quod
1965 2344 2260 2396 inauditum

195 2432 340 2479 esset
368 2428 426 2478 id
457 2444 645 2479 nomen
676 2428 905 2481 librario,
974 2426 1087 2479 Sita
1118 2433 1294 2477 autem
1328 2425 1428 2475 fuit
1471 2424 1566 2474 illa
1596 2426 1832 2475 Heraclia
1873 2426 1984 2477 sive
2019 2430 2260 2479 Heraclea

196 2508 331 2578 (vid.
364 2516 542 2567 annot.
576 2511 751 2579 supra)
794 2514 851 2562 in
884 2510 1098 2575 Sintice,
1132 2509 1473 2560 Macedoniae
1506 2508 1747 2573 regione,
1795 2508 1957 2572 unde,
2004 2513 2064 2559 ut
2091 2524 2142 2559 ·a
2177 2498 2260 2561 to't

195 2592 321 2644 aliis
355 2594 581 2645 eiusdem
614 2594 835 2645 nominis
874 2594 1089 2645 urbibus
1124 2592 1499 2642 discerneretur
1512 2627 1526 2655 ,
1573 2590 1774 2641 adiecto
1809 2592 2115 2657 cognomine
2146 2594 2259 2643 Sin·

194 2678 295 2727 tice
328 2676 438 2726 sive
453 2678 643 2727 Sintica
676 2675 895 2744 (Eraclia
921 2678 1137 2726 Xantica
1159 2672 1301 2740 apud
1321 2675 1554 2724 Ravenn.
1577 2674 1672 2738 IV,
1697 2676 1776 2737 9.;
1811 2678 2070 2741 corrupte)
2101 2676 2259 2743 vulgo

194 2758 472 2810 audiebat:
518 2776 571 2813 ν.
617 2760 682 2810 de
728 2776 791 2811 ea
834 2763 1043 2823 praeter
1082 2758 1214 2809 alios
1248 2758 1396 2809 Caes.
1431 2756 1494 2807 Β.
1532 2756 1590 2808 C.
1625 2756 1724 2820 m,
1760 2758 1841 2809 ⁷9.
1908 2758 2048 2812 Plin.
2083 2760 2154 2811 Η.
2189 2762 2258 2816 N.

194 2841 297 2905 IV,
336 2842 419 2895 17.
482 2842 703 2895 Ptolem.
736 2842 834 2907 111,
872 2844 953 2908 13,
990 2842 1072 2895 30.
1141 2838 1342 2891 Eodem
1374 2844 1572 2907 autem,
1607 2856 1710 2907 quo
1743 2847 1940 2909 noster,
1974 2842 2126 2895 modo
2160 2844 2262 2896 dis·

192 2922 369 2973 cernit
400 2924 617 2975 eandem
660 2925 842 2975 urbem
882 2940 917 2975 a
956 2924 1347 2991 cognominibus
1379 2924 1564 2976 Livius
1595 2924 1758 2989 XLV,
1794 2926 1878 2979 29.
1947 2928 2259 2991 Heracleam,

192 3021 352 3071 quam
384 3006 601 3057 Sinticen
633 3012 903 3072 appellant.
940 3036 1003 3047 —
1064 3013 1121 3059 in
1155 3013 1356 3059 civitate
1392 3007 1582 3075 Oet-ras)
1615 3006 1716 3062 Ed.
1742 3008 1861 3060 Par.
1898 3010 2080 3074 Certae,
2115 3010 2260 3074 Epit.

202 3092 403 3154 Terras,
436 3090 589 3141 Bonf.
610 3093 793 3154 Cema,-
824 3090 1195 3157 intelligendae
1228 3098 1404 3143 autem
1435 3091 1677 3142 videntur
1709 3090 1937 3154 eaedem,
1973 3090 2038 3140 de
2071 3091 2262 3155 quibus

192 3188 363 3238 supra
393 3177 567 3223 aetum
608 3180 709 3239 est,
756 3176 945 3229 Ser-rae.
1016 3174 1198 3240 Neque
1242 3174 1500 3225 offendere
1545 3173 1700 3224 debet
1745 3174 1802 3223 in
1847 3174 1947 3223 hae
1986 3162 2261 3225 verborum

196 3258 463 3307 structura
496 3262 707 3323 quartus
742 3272 889 3308 casus
920 3272 1017 3323 pro
1049 3262 1224 3309 sextus
1256 3258 1473 3322 positus,
1509 3261 1570 3306 ut
1599 3258 1704 3308 iam
1730 3260 2034 3307 annotatum
2067 3261 2147 3307 est
2179 3272 2264 3309 su-

195 3348 300 3405 pra
330 3354 375 3389 c.
411 3340 494 3390 31.

340 3456 469 3521 Cap.
505 3456 675 3509 LVII.
742 3462 880 3520 yrate
910 3434 1137 3525 suscepit)
1184 3456 1273 3509 Sic
1313 3458 1448 3511 Pall.
1481 3458 1614 3511 Exc
1615 3458 1790 3529 Epit.
1831 3472 1982 3523 orave
2025 3456 2106 3508 ed.
2141 3456 2262 3545 Par.

192 3553 494 3606 operarum,
529 3545 589 3590 ut
618 3540 841 3624 videtur,
875 3527 1032 3607 viti03
1065 3548 1319 3609 arctantes·
1349 3543 1544 3599 Hister.
1577 3542 1724 3595 Misc.
1757 3548 1960 3607 aratum
1995 3541 2266 3607 vulgo.—

192 3628 322 3674 ante
353 3625 570 3691 reqiam)
604 3622 712 3691 Mg.
743 3626 860 3677 Par.
896 3632 1068 3677 contra
1098 3630 1299 3690 rectam.
1749 3661 1774 3683 κ

1799 3712 1868 3763 13
