2567 4084
1269 89 1407 189 106⁵

477 304 796 372 XXVIII.
838 304 970 369 Ubi
1011 324 1166 369 vero
1209 310 1359 391 post
1400 305 1557 371 haec
1599 305 2000 371 Theodosius
2050 308 2387 373 convaluit

309 404 672 491 imperator,
717 404 1076 489 reperitque
1105 404 1480 469 Gratianum
1522 424 1665 470 cum
1694 404 1923 469 Gothis
1967 410 2030 471 et
2071 407 2384 473 Romanis

309 504 632 589 pepigisse
673 502 898 568 foedus
923 552 941 586 ,
998 504 1167 589 quod
1211 504 1351 589 ipse
1394 509 1760 589 optaverat,
1804 504 2151 569 admodum
2192 512 2384 589 grato

309 604 522 667 animo
566 602 794 685 ferens,
861 609 924 667 et
963 604 1102 688 ipse
1144 604 1210 666 in
1250 602 1371 667 hac
1416 622 1575 688 pace
1616 606 1955 687 consensit,
2000 604 2384 691 (XXVIII.)

309 701 892 787 Athanaricumque
933 722 1168 785 regem,
1221 703 1331 788 qui
1372 706 1545 766 tunc,
1565 702 1920 787 Fritigerno
1965 711 2383 787 successerat,

311 801 478 867 datis
521 800 644 865 sibi
687 800 1056 880 muneribus
1098 801 1368 867 sociavit
1408 802 1817 887 moribusque
1858 803 1991 868 suis
2048 802 2385 887 benignis-

311 900 489 965 simis
533 899 616 964 ad
649 920 728 965 se
767 920 910 965 eum
953 901 1018 965 in
1053 900 1671 988 Constantinopolim
1712 902 2016 967 accedere
2055 902 2381 968 invitavit.

309 998 442 1083 Qui
487 999 742 1066 omnino
785 999 1055 1065 libenter
1097 1001 1529 1086 acquiescenS,
1582 1000 1819 1087 regiam
1862 1000 2089 1065 urbem
2130 1001 2386 1083 ingres-

311 1117 422 1163 sus
467 1104 582 1181 est,
628 1099 1024 1185 miransque:
1095 1100 1224 1178 En,
1270 1099 1509 1185 inquit,
1556 1118 1781 1180 cern0,
1826 1100 1999 1185 quod
2043 1119 2233 1185 saepe
2278 1102 2387 1164 in-

311 1198 604 1262 credulus
649 1198 1010 1275 audiebam,
1056 1198 1287 1262 famam
1316 1198 1614 1293 videlicet.
1642 1204 1856 1263 tantae
1884 1200 2101 1277 urbis;
2146 1204 2211 1265 et
2252 1200 2386 1265 huc

313 1458 538 1506 retineas
563 1457 855 1523 lectionem,
891 1459 1040 1509 nulla
1071 1475 1174 1509 vox
1207 1460 1321 1521 erit,
1358 1460 1424 1509 ad
1459 1474 1611 1523 quarn
1640 1460 1757 1521 fecit
1794 1460 1999 1508 referas.
2049 1460 2203 1520 Quod
2222 1477 2385 1524 quum

318 1539 520 1589 videret
543 1540 633 1603 qui
669 1540 779 1589 cod.
800 1542 973 1590 Ambr.
1009 1543 1256 1605 exaravit,
1295 1547 1412 1605 post
1440 1544 1561 1604 fecit
1591 1542 1805 1591 verbum
1840 1546 2027 1590 amicos
2061 1542 2276 1591 addidit.
2315 1572 2385 1580 —

311 1626 438 1671 inito
467 1622 679 1686 foedere)
715 1624 819 1689 Mg.
855 1625 972 1673 Par.
1007 1629 1137 1674 inita
1165 1627 1385 1687 foedera,
1423 1640 1452 1673 e
1486 1624 1592 1689 Mg.
1627 1624 1908 1673 Leunclav.
1947 1632 2007 1675 ut
2037 1626 2257 1675 videtur.

444 1706 569 1771 Cap.
605 1707 851 1757 XXVIII.
911 1708 1002 1755 Ubi
1036 1724 1147 1756 vero
1165 1732 1233 1745 —-
1249 1706 1503 1772 invitavit)
1540 1706 1689 1755 Haec
1722 1706 1895 1756 omnia
1928 1708 2213 1759 arctissime
2246 1708 2385 1758 inter

310 1803 368 1838 se
419 1791 718 1854 cohaerent,
765 1796 826 1839 ut
859 1806 964 1839 una
1000 1792 1365 1841 enunciatione
1398 1791 1773 1855 repraesentari
1808 1791 2033 1841 debeant
2063 1792 2384 1855 minimeque

311 1885 346 1919 a.
385 1873 558 1923 verbis
579 1875 1024 1936 Athanaricumque
1055 1889 1214 1935 reyem
1235 1889 1427 1923 novum
1452 1879 1608 1937 caput
1632 1874 1857 1923 exordiri
1880 1875 2051 1935 liceat,
2089 1873 2381 1939 disiunctiS,

313 1969 446 2019 quae
480 1956 758 2007 cohaerent
787 1958 926 2007 inter
957 1972 1039 2018 se3
1094 1956 1231 2020 quod
1263 1957 1389 2006 fecit
1420 1957 1727 2009 Vulcanius,
1796 1957 1963 2020 Caput
1996 1956 2153 2020 igitur
2184 1970 2385 2005 novum

311 2053 346 2087 a.
378 2038 550 2088 verbis
591 2041 685 2089 Ubi
713 2053 828 2089 vero
874 2038 1224 2088 inchoandum
1268 2039 1411 2092 duxi.
1462 2070 1521 2079 —
1577 2038 1837 2105 Romanis)
1885 2040 2033 2089 Haec
2061 2040 2217 2088 lectio
2252 2038 2385 2087 mihi

313 2120 470 2170 valde
503 2127 582 2170 est
615 2127 868 2186 suspecta.
950 2122 1160 2170 Etenim
1195 2123 1287 2185 qui
1318 2138 1434 2171 eum
1467 2122 1713 2173 Romanis
1745 2124 2003 2187 pepigerit
2033 2122 2215 2191 foedus
2254 2120 2382 2171 Gra·

311 2203 487 2252 tianus
519 2187 633 2265 ipse
657 2204 950 2275 Romanus?
986 2204 1208 2253 Latetne
1242 2205 1459 2254 fortasse
1490 2206 1545 2253 in
1579 2207 1673 2255 illa
1704 2221 1831 2255 voce
1860 2208 2136 2254 Acanomm
2168 2219 2377 2267 nomen,

315 2288 407 2351 qui
440 2287 648 2351 quidem
682 2304 796 2337 eum
833 2288 1016 2339 Gothis
1049 2289 1185 2337 inter
1217 2288 1391 2338 hostes
1424 2288 1789 2338 Romanorum·
1804 2290 2097 2337 referuntur
2126 2287 2219 2335 illo
2253 2292 2381 2336 tem-

317 2384 445 2433 pore
478 2371 544 2420 ab
579 2371 766 2422 Orosio
799 2372 917 2433 VII,
956 2374 1038 2422 34.
1083 2376 1135 2422 et
1167 2372 1471 2422 Marcellino
1505 2373 1775 2434 Fastisque
1807 2372 1939 2421 Idat.
1974 2371 2045 2419 ad
2074 2386 2124 2419 a.
2160 2371 2275 2419 379.
2312 2384 2383 2419 an

312 2455 692 2519 Germanorum,
733 2460 793 2505 ut
827 2470 981 2519 supra
1014 2470 1220 2520 quoque
1253 2471 1299 2505 c.
1335 2456 1383 2507 3.
1420 2460 1546 2507 extr.
1566 2459 1921 2505 Germanorum
1956 2460 2011 2505 et
2040 2456 2383 2502 Romanorum

311 2542 660 2599 permutatum
692 2540 948 2601 reperitur
977 2553 1167 2588 nomen
1180 2536 1204 2585 ’ἓ
1260 2536 1505 2587 Germani
1547 2545 1721 2592 autem
1764 2538 1846 2587 illi
1890 2536 2217 2601 intelligendi
2259 2540 2382 2585 sunt

319 2618 622 2669 Alemanni:
659 2635 730 2669 an
743 2620 1022 2698 legendum
1038 2624 1092 2669 in
1105 2622 1391 2693 RomanfaP
1426 2622 1559 2671 Nam
1578 2628 1637 2669 ut
1652 2620 1990 2684 persuadeam
2006 2620 2133 2669 mihi
2152 2618 2383 2669 voluisse

311 2700 486 2751 dicere
527 2702 800 2751 Iordanem
815 2740 828 2765 ,
873 2704 1009 2753 inter
1047 2702 1244 2754 Gothos
1290 2708 1343 2753 et
1380 2704 1641 2753 Romanos
1671 2705 1933 2768 pepigisse
1964 2703 2145 2752 foedus
2168 2701 2382 2751 'Gratia-

205 2807 215 2816 ·
316 2798 460 2846 num,
483 2783 807 2833 incommode
828 2800 950 2834 vero
967 2800 1076 2833 rem
1093 2788 1421 2850 expressisse,
1446 2803 1553 2836 non
1574 2788 1619 2836 is
1638 2794 1750 2835 sum
1771 2787 1859 2850 qui
1882 2786 2061 2835 induci
2082 2785 2290 2849 possim.
2311 2810 2379 2823 -·

310 2864 510 2941 foedus)
544 2866 695 2917 Haec
727 2882 830 2917 vox
861 2883 964 2917 non
998 2868 1184 2918 visitur
1214 2870 1271 2918 in
1292 2868 1425 2920 Pall.
1460 2869 1599 2919 unde
1634 2870 2025 2935 expungendam
2058 2884 2173 2937 eam
2208 2872 2387 2919 censet

309 2950 582 3001 Gruterus.
637 2978 706 2989 -
754 2955 813 3000 in
844 2952 937 3000 hac
963 2966 1089 3012 pace
1121 2950 1383 3017 consensit)
1434 2954 1517 3001 Ita.
1558 2954 1734 3006 Ambr,
1781 2960 1834 3002 et
1866 2952 1945 3003 ed.
1982 2968 2057 3017 pr.
2095 2968 2215 3003 cum
2246 2952 2379 3001 Rod.

315 3034 418 3084 nisi
453 3033 593 3098 quod
625 3033 714 3083 hio
745 3038 802 3083 in
833 3036 962 3083 hanc
989 3048 1196 3097 ραι-επις
1255 3034 1393 3097 quod
1425 3038 1583 3101 vulgo
1618 3038 1809 3101 legitur
1840 3040 2091 3099 consistit,
2140 3052 2173 3085 a
2207 3037 2383 3085 Leun-

313 3118 482 3168 elavio
517 3122 614 3168 est.
649 3145 716 3153 —
749 3115 1222 3181 Athanaricumque)
1271 3118 1359 3169 Sic
1392 3118 1521 3170 Pall.
1560 3134 1677 3169 cum
1711 3120 1845 3169 Rod.
1881 3120 1975 3169 sed
2007 3119 2088 3169 ed.
2122 3134 2203 3183 pr.
2236 3120 2383 3167 Atta-

311 3202 543 3252 ntm'cum
577 3213 788 3264 quoque,
825 3200 905 3249 ed.
941 3200 1060 3253 Par.
1094 3202 1421 3251 Atanan'eum
1456 3178 1661 3265 quoq⁴ue5
1713 3218 1764 3253 v.
1798 3202 2159 3251 Athanaricum
2180 3215 2383 3264 quoque.

315 3310 380 3323 -
415 3283 720 3345 moribusque
767 3287 869 3333 suis
914 3284 1270 3345 beniynissimis
1290 3314 1349 3322 -
1371 3284 1626 3350 imn'tavit)
1680 3284 1769 3335 Sic
1797 3286 1933 3338 Pall.
1966 3285 2057 3335 sed
2087 3300 2184 3349 pro
2218 3286 2383 3347 benia-

309 3370 546 3431 nim'mis,
582 3367 721 3431 quod
751 3368 950 3431 primus
980 3367 1125 3417 dedit
1157 3368 1455 3433 Rhenanus,
1492 3369 1572 3418 ed.
1610 3386 1689 3434 pr.
1723 3371 2095 3431 beniyniseimm
2126 3369 2292 3426 sistit,
2328 3372 2385 3417 et

313 3464 408 3513 pro
441 3453 676 3499 invitavit
709 3451 766 3499 in
798 3450 974 3499 Ambr.
1005 3454 1150 3499 iussit
1189 3452 1411 3517 legitur3
1468 3468 1519 3501 v.
1564 3453 1773 3501 so'ciavit
1811 3452 2027 3501 moribus
2071 3454 2175 3499 suis
2220 3449 2385 3511 beniq-

229 3546 251 3565 ‘
312 3536 532 3581 nissimis
565 3539 612 3581 et
647 3535 717 3581 ad
742 3549 793 3582 se
815 3548 928 3583 eum
943 3558 1012 3569 —
1027 3536 1270 3583 invitavit.
1296 3562 1364 3575 —-
1388 3550 1528 3591 cerno
1542 3538 1811 3597 -famam
1844 3537 2065 3584 videlicet
2098 3539 2267 3582 tantae
2297 3548 2385 3581 ur·-

319 3612 416 3680 bis)
463 3615 564 3665 His
603 3618 776 3667 verbis
805 3630 1008 3679 semper
1049 3631 1164 3667 sum
1197 3618 1453 3669 offensust
1516 3621 1666 3681 fama
1698 3620 1834 3669 enim
1870 3620 1961 3683 qui
1993 3622 2165 3682 potest
2196 3616 2383 3667 cerni?
