2567 4084
1159 130 1277 195 111

185 327 312 395 que
355 308 548 393 plaga
593 329 807 374 ramus
862 310 958 375 illi
1013 330 1094 375 ex
1134 311 1317 377 Pado
1376 320 1502 397 est,
1564 313 1673 399 qui
1728 314 1931 379 Fossa
1986 322 2253 382 vocatur

181 408 476 472 AsconiS.
543 410 607 473 A
649 410 912 475 meridie
954 407 1310 496 idem—ipse
1351 412 1593 495 PaduS,
1640 432 1829 500 quem
1858 414 2085 480 Italiae
2130 415 2251 481 soli

181 507 524 572 fluviorum
594 529 810 593 regem
896 509 1112 575 dicunt
1133 560 1150 594 ,
1233 517 1653 595 cognomento
1715 513 2035 580 Eridanus
2060 563 2079 597 ‚
2164 516 2248 581 ab

185 610 486 690 Augusto
516 608 898 693 imperatore
927 609 1235 674 altissima
1263 611 1437 675 fossa
1465 612 1796 695 demissuS,
1843 613 1954 699 qui
1981 614 2251 699 septima

181 706 286 771 sui
330 707 499 771 alvei
541 715 722 793 parte
767 710 1042 774 mediam
1109 710 1321 775 influit
1362 714 1721 796 civitatem,
1788 713 1872 778 ad
1928 714 2091 778 ostia
2134 734 2249 779 sua

180 806 680 871 amoenissimum
743 814 1000 892 portum
1079 809 1424 894 praebenS‚
1504 812 1770 877 classem
1837 811 2248 878 ducentarum

181 905 650 991 quinquaginta
693 908 954 972 navium
996 908 1208 973 Dione
1265 909 1575 975 referente
1633 910 1950 977 tutissima
2010 912 2251 977 dudum

177 1005 562 1069 credebatur
604 1008 886 1091 recipere
931 1008 1222 1073 statione.
1311 1008 1439 1093 Qui
1483 1030 1688 1085 nune,
1738 1016 1809 1074 ut
1850 1011 2091 1077 Fabius
2134 1012 2246 1094 ait,
2342 1004 2353 1013 ”

177 1104 356 1189 quod
425 1106 768 1190 aliquando
841 1117 1064 1193 portus
1134 1108 1375 1188 fuerat,
1453 1109 1950 1195 spatiosissimos
2028 1113 2247 1180 hortos

177 1204 480 1283 ostendit,
527 1205 864 1271 arboribus
907 1206 1163 1293 plenos,
1223 1228 1446 1273 verum
1502 1208 1581 1273 de
1635 1209 1869 1296 quibus
1912 1231 2041 1275 non
2084 1232 2246 1299 pen·
2333 1206 2341 1213 ⁵

177 1304 374 1369 deant
417 1305 584 1387 vela,
632 1306 744 1369 sed
789 1327 1000 1391 poma.
1086 1306 1282 1370 Trino
1330 1308 1645 1393 siquidem
1673 1307 1827 1372 urbs
1870 1308 2011 1393 ipsa
2044 1332 2243 1377 voea-

174 1405 332 1470 bulo
377 1406 684 1488 gloriatur
705 1454 722 1483 ‚
769 1406 1228 1492 trigeminaque
1273 1407 1590 1492 positione
1635 1407 1947 1493 exsultat,
2014 1410 2082 1474 id
2126 1417 2244 1495 est,

171 1504 382 1589 prima
433 1505 776 1584 Ravenna,
832 1506 1056 1569 ultima
1099 1505 1373 1588 Classis,
1442 1507 1653 1573 media
1715 1507 2027 1575 Caesarea
2082 1510 2245 1575 inter

171 1603 405 1668 urbem
450 1608 513 1667 et
554 1622 748 1686 mare,
794 1603 986 1688 plena
1014 1604 1301 1688 mollitie,
1346 1626 1665 1692 arenaque
1706 1609 1971 1695 munita,
2016 1615 2243 1675 vecta-

170 1704 462 1769 tionibus
505 1710 675 1790 apta.

174 1956 351 2005 verius
387 1954 423 2003 1.
459 1956 498 2005 1.
533 1956 775 2019 proponit
806 1956 1082 2021 legendum
1095 1994 1108 2020 ,
1167 1972 1295 2005 unus
1328 1960 1702 2019 anqustissimus
1733 1960 2245 2007 introitus—relictus

172 2044 261 2090 est.
298 2065 366 2075 --
400 2037 628 2104 vocatur)
663 2038 764 2088 Ed.
802 2038 948 2089 Grut.
981 2043 1241 2090 vocitatur.
1275 2066 1343 2076 —
1376 2054 1515 2101 quem
1548 2041 1727 2089 ltaliae
1757 2039 2121 2108 soli—reyem)
2156 2040 2247 2092 sio

171 2120 311 2172 Pan.
349 2134 468 2168 oum
489 2120 665 2172 Ambr.
704 2132 842 2183 quem
875 2125 1280 2183 solum-reyem
1315 2121 1489 2187 vulgo·
1525 2149 1588 2157 —
1624 2125 1873 2172 altissima
1898 2125 2038 2185 fossa
2071 2125 2246 2173 dernie-

167 2202 276 2269 sus)
319 2204 473 2253 Haeo
507 2210 586 2253 est
617 2206 772 2255 lectio
807 2206 1045 2270 vulgata,
1099 2220 1253 2269 quam
1287 2204 1675 2269 praeferendam
1708 2205 1835 2257 duxi
1866 2208 2081 2257 lectioni
2111 2207 2244 2257 Pau.

171 2287 355 2339 Ambr.
395 2287 501 2351 Mg.
531 2288 652 2337 Par.
690 2292 962 2350 latissima,
1017 2304 1176 2352 quum
1211 2289 1275 2337 de
1309 2293 1417 2337 alta
1448 2290 1587 2338 fossa
1620 2290 1867 2339 demittere
1900 2291 2071 2354 aptius
2105 2290 2248 2341 dicas

177 2386 335 2435 quam
371 2369 436 2419 de
470 2374 592 2419 lata.
631 2371 946 2422 commutari
981 2377 1206 2421 ceterum
1239 2372 1537 2435 saepissime
1567 2371 1705 2421 inter
1737 2387 1793 2421 se
1826 2374 2081 2423 voeabula
2114 2378 2247 2423 altus

177 2460 230 2503 et
264 2458 399 2502 latus
432 2468 466 2501 a
495 2452 739 2517 librariis,
777 2454 980 2503 docebit
1015 2453 1472 2503 Drakenborohius
1506 2452 1570 2501 ad
1605 2453 1722 2503 Liv.
1749 2454 1815 2517 V,
1852 2456 1935 2518 3⁷,
1974 2458 2021 2505 7.
2057 2484 2123 2493 —
2165 2460 2248 2519 qui

175 2539 321 2585 ——ad
356 2540 487 2603 ostia
517 2535 631 2602 sua)
676 2537 866 2587 Melius
908 2538 1152 2600 procedet
1194 2537 1356 2585 oratio
1372 2573 1385 2599 ‚
1430 2536 1477 2585 si
1512 2537 1857 2587 coniecturam
1892 2537 2123 2588 cluverii
2155 2538 2246 2587 ad-

175 2620 444 2669 mittamus
463 2654 477 2683 ,
531 2618 620 2683 qui
652 2634 934 2683 pronomen
965 2620 1238 2669 relativum
1271 2624 1393 2667 ante
1425 2634 1605 2669 vocem
1635 2624 1848 2681 septima
1881 2621 2109 2684 positum
2130 2622 2245 2671 loeo

178 2702 484 2767 pellendum
529 2708 686 2767 atque
734 2708 854 2753 ante
899 2704 992 2753 illa
1033 2704 1100 2752 ad
1135 2707 1263 2753 ostia
1295 2718 1389 2752 sua
1420 2703 1776 2753 collocandum
1810 2718 1922 2753 esse
1954 2709 2144 2755 censet.
2178 2731 2245 2742 -

177 2788 384 2835 classem
414 2786 734 2835 ducentarum
771 2791 1120 2850 quinquaqinta
1153 2784 1383 2852 navium)
1418 2786 1556 2851 Epit.
1588 2784 1689 2837 CC.
1709 2790 1917 2837 navium
1936 2792 2155 2839 classem.
2176 2814 2245 2826 -·

176 2870 305 2931 quod
338 2870 608 2931 aliquando
623 2897 688 2906 —
703 2870 957 2919 arboribus
983 2868 1177 2935 plenos)
1227 2870 1361 2919 Pall.
1409 2876 1582 2933 portus
1627 2869 1807 2932 fuerit,
1860 2874 2245 2937 spatiosissimas

176 2928 344 2999 hortus
379 2952 614 3013 ostendit,
649 2953 902 3002 arboribus
931 2958 1104 3017 plenus
1119 2972 1136 3001 .·
1173 2968 1327 3017 quam
1358 2954 1635 3003 lectionem
1664 2954 1879 3018 vulgata
1914 2956 2247 3005 emaculatio-

177 3051 284 3083 rem
321 3036 582 3084 existimat
617 3034 882 3087 Gruterus.
945 3037 1114 3087 Valde
1146 3041 1322 3086 tamen
1356 3036 1712 3101 dubitandum,
1748 3052 1872 3086 num
1902 3037 2039 3087 hano
2070 3037 2247 3088 volue-

175 3119 243 3166 rit
279 3118 565 3179 exprimere
599 3117 834 3169 Iordanis
866 3121 1173 3170 sententiam
1196 3154 1212 3182 ‚
1271 3134 1566 3185 quanquam
1600 3135 1697 3171 neo
1730 3120 1945 3186 vulgata
1976 3121 2242 3171 satisfacit.
2274 3107 2300 3145 .‘

179 3201 390 3265 Optime
425 3202 640 3251 sortasse
675 3218 772 3265 qua
804 3218 898 3266 pro
932 3206 1057 3265 quod
1089 3204 1366 3269 legerimus
1400 3218 1516 3252 eum
1551 3203 1808 3254 Cluverio.
1862 3230 1929 3239 —
1984 3201 2241 3269 Caesarea)

175 3284 283 3348 Mg.
313 3284 429 3333 Par.
461 3286 704 3334 Cessuria.
737 3311 802 3322 -
831 3279 982 3347 'plena
1004 3286 1236 3349 mollitie)
1271 3285 1403 3335 Pall.
1422 3289 1677 3350 mollitiae,
1714 3286 1889 3335 Ambr.
1917 3288 2081 3348 plana
2114 3288 2243 3335 mol-

177 3370 310 3415 licies
330 3402 345 3431 ,
384 3367 521 3416 unde
548 3354 710 3431 plana
743 3372 952 3417 molli-tie
984 3368 1213 3433 legerim,
1251 3367 1387 3432 quod
1419 3368 1525 3419 iam
1557 3368 1842 3419 Vuleanius
1868 3368 2245 3433 Cluveriusque

174 3455 562 3514 proposuerunt
594 3451 885 3517 legendum.
923 3478 988 3489 -—
1021 3450 1237 3517 munita)
1272 3451 1355 3500 Ita
1388 3452 1611 3515 primum
1639 3451 1777 3517 quod
1798 3452 1957 3502 seiam
1978 3451 2139 3502 habet
2161 3450 2241 3503 ed.

173 3533 295 3585 Par.
331 3532 472 3583 unde
506 3533 564 3585 in
594 3534 820 3599 reliquas
855 3532 968 3585 edd.
1004 3540 1293 3601 propagata
1326 3540 1405 3587 est
1438 3536 1569 3587 haee
1600 3536 1771 3587 lectio.
1805 3535 1938 3586 Pall.
1974 3550 2092 3585 eum
2124 3532 2239 3605 edd.

173 3631 251 3679 pr.
287 3620 486 3665 minuta
518 3616 832 3681 praeferunt.
