2567 4084
1260 166 1339 214 IV

221 356 226 364 ¹
261 350 484 398 eorum
525 330 776 415 verbis,
809 330 1028 395 vmodo
1070 346 1264 396 voces
1320 330 1802 417 locutionesque
1844 333 2117 419 propriae
2158 332 2329 399 illius

262 428 462 496 seculi
477 476 496 514 ,
555 449 824 517 quarum
866 430 1264 514 ignoratione
1302 432 1409 497 vel
1450 431 1625 497 docti
1664 430 1791 495 viri
1830 430 1896 495 in
1938 450 2180 499 errores
2222 432 2329 497 in·-

263 531 438 601 ducti
461 530 742 596 historiae
767 529 919 615 ipsi,
947 549 1142 615 quum
1181 550 1521 617 perperam
1546 551 1653 597 eas
1680 530 2078 615 interpretati
2098 535 2329 617 essent,

263 650 396 697 non
438 630 635 696 semel
677 630 812 694 vim
853 629 1305 713 adhibuerunt,
1352 630 1836 717 explicarentur.

436 730 592 813 Haee
635 734 803 813 sunt,
847 748 990 816 quae
1033 729 1114 795 de
1157 729 1447 815 consilio,
1493 729 1667 817 quod
1707 730 1775 794 in
1816 724 2103 816 paranda
2138 730 2332 797 hacce

263 828 556 896 Iordanis
597 828 872 895 editione
917 834 1172 895 secutus
1213 846 1375 911 sum,
1424 834 1487 895 et
1529 830 1611 895 de
1650 828 1917 913 ratione,
1962 848 2156 916 quam
2195 828 2331 909 inii,

263 929 536 997 lectores
579 920 923 994 admonere
964 928 1176 993 visum
1219 933 1333 993 est.

431 1028 674 1103 Restat,
696 1032 787 1109 ut,
833 1026 1066 1114 quibus
1097 1027 1399 1095 subsidiis
1428 1030 1793 1111 instructus,
1824 1048 1959 1095 rem
1980 1032 2043 1093 et
2070 1046 2334 1111 aggres-

267 1147 376 1194 sus
421 1126 541 1192 sim
585 1131 648 1191 et
691 1125 1077 1193 absolverim
1097 1176 1114 1209 .,
1174 1127 1455 1208 edicam,
1512 1148 1621 1212 ac,
1681 1132 1992 1214 quatenus
2046 1127 2176 1193 iam
2230 1127 2336 1193 hic

265 1247 434 1314 opus
479 1231 595 1310 est,
639 1227 949 1293 iudicium
989 1227 1068 1294 de
1096 1228 1176 1293 iis
1215 1247 1448 1312 meum,
1498 1227 1711 1315 qualia
1752 1226 1881 1293 sint
1923 1231 1986 1293 et
2028 1232 2337 1311 quantum
2388 1228 2391 1231 ’

262 1326 680 1393 tribuendum
743 1327 826 1392 sit
884 1327 1226 1415 unicuique
1249 1379 1266 1412 ‚
1328 1330 1557 1416 paucis
1610 1332 1675 1395 et
1716 1327 2079 1395 summatim
2130 1327 2337 1393 inter-

265 1444 524 1513 ponam,
566 1426 862 1512 pluribus
908 1426 986 1492 de
1015 1427 1244 1493 iisdem
1268 1428 1339 1491 in
1365 1427 1833 1513 prolegomenis
1861 1431 2134 1493 acturus,
2192 1425 2334 1493 Iam

261 1527 542 1613 primum
574 1531 804 1611 praesto
847 1526 1005 1592 mihi
1047 1526 1303 1593 fuerunt
1344 1527 1677 1611 editioneS,
1724 1530 2037 1613 quotquot
2081 1545 2117 1589 e
2158 1524 2351 1593 libris
2422 1542 2425 1545 ’

271 1624 525 1711 scriptis
554 1624 876 1691 fluxerunt
905 1631 1016 1691 aut
1057 1628 1270 1693 varias
1296 1626 1601 1692 lectiones
1633 1644 1713 1691 ex
1742 1626 1821 1691 iis
1845 1626 2003 1711 ipsis
2032 1624 2337 1711 deprom-

267 1728 370 1789 tas
442 1722 810 1807 exhibent,v
848 1723 1146 1791 Iordanis
1206 1746 1443 1792 omnes
1562 1726 1815 1809 Agmen
1878 1743 2093 1791 earum
2164 1724 2339 1791 ducit
2446 1774 2449 1777 .
2531 1736 2533 1738 ’

271 1825 467 1891 editio
489 1825 813 1911 princepe,
853 1842 994 1908 quae
1038 1825 1287 1891 codicis-³
1310 1825 1539 1912 ‘scripti
1582 1824 2023 1909 auctoritatem
2057 1823 2342 1896 obtinere

269 1930 530 2011 potest·,-·
560 1924 732 2011 quod
776 1942 852 1989 ea
882 1944 1072 1989 nemo
1120 1925 1433 1991 editorum
1477 1945 1631 1991 usus
1690 1928 1787 1991 est
1828 1930 2057 2009 praeter
2084 1924 2344 1991 Rhena-
2434 1978 2439 1984 .

272 2044 428 2091 num
474 2029 538 2089 et
567 2024 930 2103 Gruterum,
975 2022 1094 2090 sed
1128 2023 1218 2087 ita
1260 2030 1547 2111 uterque,
1595 2029 1663 2089 ut
1698 2024 1889 2106 alter,
1934 2024 2083 2090 dum
2130 2044 2345 2091 emen·-

277 2124 432 2189 dare
471 2122 596 2189 sibi
654 2122 994 2187 videbatur
1015 2170 1032 2205 ,
1099 2122 1331 2188 multas
1399 2123 1535 2188 eius
1599 2123 1907 2190 lectiones
1970 2124 2341 2209 corruperit,

277 2224 438 2289 alter
480 2242 609 2288 non
651 2228 782 2287 tam
825 2222 1174 2307 inspexerit
1215 2240 1377 2305 eam,
1420 2242 1611 2308 quam
1652 2222 1721 2285 in
1760 2223 1949 2287 celeri
1976 2227 2344 2313 transcursu

278 2328 406 2390 tres
451 2328 698 2389 tantum
727 2328 1082 2409 quatuorve
1125 2325 1303 2387 locos
1346 2342 1429 2387 ex
1463 2342 1538 2389 ea
1582 2322 1977 2393 excitaverit.
2018 2322 2179 2387 Eam
2221 2341 2343 2388 ex·-

283 2424 440 2510 cipit
472 2423 760 2489 Fornerii
805 2422 999 2489 editio
1019 2472 1036 2507 ,
1083 2421 1587 2488 commendanda
1630 2423 2097 2508 quammaxime
2136 2440 2177 2488 a
2211 2422 2345 2488 ‚lec-

277 2522 566 2612 tionibus
621 2541 701 2587 ex
757 2522 974 2589 codice
1016 2523 1270 2590 Pithoei
1316 2523 1685 2610 depromtiS,
1744 2542 2015 2609 quarum
2082 2520 2221 2587 aliae
2274 2522 2341 2585 in

279 2628 528 2690 textum
559 2627 832 2709 receptae
878 2628 1045 2707 sunt,
1093 2624 1232 2689 aliae
1274 2622 1343 2688 in
1370 2622 1655 2707 margine
1684 2622 1981 2705 leguntur
2012 2620 2339 2708 appositae.
2445 2692 2455 2709 e

281 2723 581 2788 Proxime
639 2720 1051 2807 'subsequitur
1097 2722 1353 2787 Gruteri
1413 2722 1641 2805 editio,
1696 2723 1977 2787 omnium
2034 2720 2346 2799 Iordanis,

284 2840 424 2909 quae
479 2840 762 2906 unquam
830 2821 1037 2885 lucem
1093 2820 1422 2899 viderunt,
1488 2825 1559 2885 ut
1614 2820 1857 2906 optima
1878 2869 1896 2905 ,
1968 2820 2057 2885 ita
2108 2816 2347 2884 nemini

282 2942 522 3005 eorum,
569 2920 680 3006 qui
723 2926 1011 2985 nostrum
1038 2924 1184 3005 post
1221 2919 1577 3003 ediderunt,
1622 2920 1909 3005 inspecta
1938 2926 2003 2985 et
2032 2917 2344 3000 consulta,

283 3021 412 3086 imo
458 3026 704 3085 tantum
748 3040 877 3084 non
919 3019 1243 3102 incognita
1288 3018 1601 3085 omnibus,
1670 3018 1927 3106 Quippe
1970 3038 2123 3085 usus
2167 3016 2349 3083 libris

283 3119 594 3183 Palatinis
611 3119 886 3201 duobuS‚
907 3120 1018 3205 qui
1034 3119 1256 3186 ceteris
1273 3118 1569 3183 omnibus
1586 3122 1651 3183 et
1664 3118 2039 3203 antiquitate
2068 3123 2130 3184 et
2153 3116 2349 3184 boni-

285 3224 416 3284 tate
451 3219 742 3283 lectionis
776 3220 1182 3304 praeferendae
1211 3222 1443 3299 essent,
1462 3235 1602 3284 ‘non
1629 3219 1819 3287 modo
1847 3219 2153 3305 plurimos
2174 3216 2351 3284 locos

287 3318 649 3383 emendavit
689 3318 1014 3397 GruteruS,
1062 3318 1175 3385 sed
1199 3318 1387 3385 etiam
1418 3336 1714 3403 magnam
1758 3318 2139 3406 optimarum
2182 3335 2352 3403 saepe

119 3395 122 3399 ’
167 3454 180 3460 ·
285 3417 626 3483 lectionum
671 3419 922 3504 copiam
964 3438 1046 3485 ex
1085 3418 1315 3485 iisdem
1362 3418 1724 3505 decerptam
1772 3420 2013 3487 effudit.
2084 3418 2352 3483 Illorum

220 3602 223 3607 Ι
288 3537 408 3601 ego
438 3517 776 3584 lectionem
818 3519 970 3585 huie
1013 3520 1276 3585 editioni
1319 3523 1625 3606 tanquam
1668 3519 2149 3585 fundamentum
2192 3516 2351 3583 sub-

289 3617 658 3683 struendam
714 3619 931 3687 censui
949 3669 966 3703 ,
1025 3620 1114 3685 ita
1171 3624 1382 3687 tamen
1399 3668 1417 3702 ,
1472 3623 1545 3686 ut
1598 3622 1820 3687 ceteris
1877 3618 2183 3703 neglectis
2244 3616 2351 3683 vel
