<?xml version="1.0" encoding="UTF-8"?>
<!DOCTYPE html PUBLIC "-//W3C//DTD XHTML 1.0 Transitional//EN"
    "http://www.w3.org/TR/xhtml1/DTD/xhtml1-transitional.dtd">
<html xmlns="http://www.w3.org/1999/xhtml" xml:lang="en" lang="en">
 <head>
  <title>
</title>
<meta http-equiv="Content-Type" content="text/html;charset=utf-8" />
  <meta name='ocr-system' content='tesseract 3.04.00' />
  <meta name='ocr-capabilities' content='ocr_page ocr_carea ocr_par ocr_line ocrx_word'/>
</head>
<body>
  <div class='ocr_page' id='page_1' title='image "./jordanisdegetar00closgoog_0147.png"; bbox 0 0 2567 4084; ppageno 0'>
   <div class='ocr_carea' id='block_1_1' title="bbox 1104 175 1224 245">
    <p class='ocr_par' dir='ltr' id='par_1_1' title="bbox 1104 175 1224 245">
     <span class='ocr_line' id='line_1_1' title="bbox 1104 175 1224 245; baseline 0.033 -4"><span class='ocrx_word' id='word_1_1' title='bbox 1104 175 1224 245; x_wconf 70' lang='lat'><strong>125</strong></span> 
     </span>
    </p>
   </div>
   <div class='ocr_carea' id='block_1_2' title="bbox 126 354 2285 1941">
    <p class='ocr_par' dir='ltr' id='par_1_2' title="bbox 128 354 2211 1221">
     <span class='ocr_line' id='line_1_2' title="bbox 135 354 2198 445; baseline 0.001 -21"><span class='ocrx_word' id='word_1_2' title='bbox 135 376 264 445; x_wconf 80' lang='lat' dir='ltr'><strong>quo</strong></span> <span class='ocrx_word' id='word_1_3' title='bbox 297 354 560 425; x_wconf 73' lang='lat' dir='ltr'><strong>valebat</strong></span> <span class='ocrx_word' id='word_1_4' title='bbox 597 356 854 442; x_wconf 84' lang='lat' dir='ltr'><strong>eximio,</strong></span> <span class='ocrx_word' id='word_1_5' title='bbox 898 355 1148 443; x_wconf 83' lang='lat' dir='ltr'><strong>generis</strong></span> <span class='ocrx_word' id='word_1_6' title='bbox 1191 354 1295 424; x_wconf 85' lang='lat' dir='ltr'><strong>sui</strong></span> <span class='ocrx_word' id='word_1_7' title='bbox 1334 354 1820 442; x_wconf 78' lang='lat' dir='ltr'><strong>amplitudinem</strong></span> <span class='ocrx_word' id='word_1_8' title='bbox 1864 357 2198 428; x_wconf 77' lang='lat' dir='ltr'><strong>commoda</strong></span> 
     </span>
     <span class='ocr_line' id='line_1_3' title="bbox 135 456 2203 544; baseline 0.001 -21"><span class='ocrx_word' id='word_1_9' title='bbox 135 456 568 523; x_wconf 76' lang='lat' dir='ltr'><strong>taciturnitate</strong></span> <span class='ocrx_word' id='word_1_10' title='bbox 597 457 971 544; x_wconf 76' lang='lat' dir='ltr'><strong>suppressit,</strong></span> <span class='ocrx_word' id='word_1_11' title='bbox 1001 457 1221 525; x_wconf 83' lang='lat' dir='ltr'><strong>sciens</strong></span> <span class='ocrx_word' id='word_1_12' title='bbox 1248 457 1665 541; x_wconf 75' lang='lat' dir='ltr'><strong>regnantibus</strong></span> <span class='ocrx_word' id='word_1_13' title='bbox 1706 476 1971 543; x_wconf 69' lang='lat' dir='ltr'><strong>semper</strong></span> <span class='ocrx_word' id='word_1_14' title='bbox 1996 456 2203 541; x_wconf 81' lang='lat' dir='ltr'><strong>regal-i</strong></span> 
     </span>
     <span class='ocr_line' id='line_1_4' title="bbox 134 556 2199 645; baseline 0 -22"><span class='ocrx_word' id='word_1_15' title='bbox 134 556 338 642; x_wconf 84' lang='lat' dir='ltr'><strong>stirpe</strong></span> <span class='ocrx_word' id='word_1_16' title='bbox 378 556 630 641; x_wconf 83' lang='lat' dir='ltr'><strong>genitos</strong></span> <span class='ocrx_word' id='word_1_17' title='bbox 672 577 814 625; x_wconf 89' lang='lat' dir='ltr'><strong>esse</strong></span> <span class='ocrx_word' id='word_1_18' title='bbox 853 561 1204 645; x_wconf 86' lang='lat' dir='ltr'><strong>suspectos.</strong></span> <span class='ocrx_word' id='word_1_19' title='bbox 1290 557 1531 625; x_wconf 79' lang='lat' dir='ltr'><strong>Passus</strong></span> <span class='ocrx_word' id='word_1_20' title='bbox 1574 562 1673 625; x_wconf 83' lang='lat' dir='ltr'><strong>est</strong></span> <span class='ocrx_word' id='word_1_21' title='bbox 1702 576 1853 641; x_wconf 83' lang='lat' dir='ltr'><strong>ergo</strong></span> <span class='ocrx_word' id='word_1_22' title='bbox 1894 556 2199 640; x_wconf 80' lang='lat' dir='ltr'><strong>ignorari,</strong></span> 
     </span>
     <span class='ocr_line' id='line_1_5' title="bbox 129 655 2211 745; baseline 0 -23"><span class='ocrx_word' id='word_1_23' title='bbox 129 674 216 723; x_wconf 85' lang='lat' dir='ltr'><strong>ne</strong></span> <span class='ocrx_word' id='word_1_24' title='bbox 256 656 492 723; x_wconf 78' lang='lat' dir='ltr'><strong>faceret</strong></span> <span class='ocrx_word' id='word_1_25' title='bbox 543 656 898 726; x_wconf 84' lang='lat' dir='ltr'><strong>ordinanda</strong></span> <span class='ocrx_word' id='word_1_26' title='bbox 952 655 1273 725; x_wconf 76' lang='lat' dir='ltr'><strong>confundi.</strong></span> <span class='ocrx_word' id='word_1_27' title='bbox 1369 656 1847 745; x_wconf 81' lang='lat' dir='ltr'><strong>Suseeptusque</strong></span> <span class='ocrx_word' id='word_1_28' title='bbox 1903 660 2000 721; x_wconf 88' lang='lat' dir='ltr'><strong>est</strong></span> <span class='ocrx_word' id='word_1_29' title='bbox 2051 674 2211 723; x_wconf 74' lang='lat' dir='ltr'><strong>cunr</strong></span> 
     </span>
     <span class='ocr_line' id='line_1_6' title="bbox 129 754 2200 841; baseline 0 -21"><span class='ocrx_word' id='word_1_30' title='bbox 129 754 268 821; x_wconf 81' lang='lat' dir='ltr'><strong>filio</strong></span> <span class='ocrx_word' id='word_1_31' title='bbox 333 775 452 821; x_wconf 87' lang='lat' dir='ltr'><strong>suo</strong></span> <span class='ocrx_word' id='word_1_32' title='bbox 489 775 534 821; x_wconf 85' lang='lat' dir='ltr'><strong>a</strong></span> <span class='ocrx_word' id='word_1_33' title='bbox 571 776 722 841; x_wconf 82' lang='lat' dir='ltr'><strong>rege</strong></span> <span class='ocrx_word' id='word_1_34' title='bbox 765 756 1162 827; x_wconf 73' lang='lat' dir='ltr'><strong>Theoderico</strong></span> <span class='ocrx_word' id='word_1_35' title='bbox 1219 756 1571 823; x_wconf 86' lang='lat' dir='ltr'><strong>honorifice</strong></span> <span class='ocrx_word' id='word_1_36' title='bbox 1630 756 1855 840; x_wconf 84' lang='lat' dir='ltr'><strong>nimis,</strong></span> <span class='ocrx_word' id='word_1_37' title='bbox 1918 755 2082 821; x_wconf 80' lang='lat' dir='ltr'><strong>adeo</strong></span> <span class='ocrx_word' id='word_1_38' title='bbox 2123 758 2200 821; x_wconf 84' lang='lat' dir='ltr'><strong>ut</strong></span> 
     </span>
     <span class='ocr_line' id='line_1_7' title="bbox 130 852 2199 942; baseline -0.001 -21"><span class='ocrx_word' id='word_1_39' title='bbox 130 872 252 921; x_wconf 78' lang='lat' dir='ltr'><strong>nec</strong></span> <span class='ocrx_word' id='word_1_40' title='bbox 295 852 561 921; x_wconf 80' lang='lat' dir='ltr'><strong>consilio</strong></span> <span class='ocrx_word' id='word_1_41' title='bbox 603 874 722 921; x_wconf 87' lang='lat' dir='ltr'><strong>suo</strong></span> <span class='ocrx_word' id='word_1_42' title='bbox 749 859 1094 942; x_wconf 82' lang='lat' dir='ltr'><strong>expertem,</strong></span> <span class='ocrx_word' id='word_1_43' title='bbox 1137 874 1256 921; x_wconf 90' lang='lat' dir='ltr'><strong>nec</strong></span> <span class='ocrx_word' id='word_1_44' title='bbox 1298 854 1596 922; x_wconf 84' lang='lat' dir='ltr'><strong>convivio</strong></span> <span class='ocrx_word' id='word_1_45' title='bbox 1638 856 1875 921; x_wconf 85' lang='lat' dir='ltr'><strong>faceret</strong></span> <span class='ocrx_word' id='word_1_46' title='bbox 1901 853 2199 933; x_wconf 83' lang='lat' dir='ltr'><strong>alienum,</strong></span> 
     </span>
     <span class='ocr_line' id='line_1_8' title="bbox 131 953 2202 1040; baseline 0.002 -23"><span class='ocrx_word' id='word_1_47' title='bbox 131 972 265 1019; x_wconf 87' lang='lat' dir='ltr'><strong>non</strong></span> <span class='ocrx_word' id='word_1_48' title='bbox 309 957 524 1019; x_wconf 79' lang='lat' dir='ltr'><strong>tamen</strong></span> <span class='ocrx_word' id='word_1_49' title='bbox 565 974 686 1039; x_wconf 90' lang='lat' dir='ltr'><strong>pro</strong></span> <span class='ocrx_word' id='word_1_50' title='bbox 728 955 980 1039; x_wconf 85' lang='lat' dir='ltr'><strong>generis</strong></span> <span class='ocrx_word' id='word_1_51' title='bbox 1020 953 1377 1038; x_wconf 81' lang='lat' dir='ltr'><strong>nobilitate,</strong></span> <span class='ocrx_word' id='word_1_52' title='bbox 1450 972 1640 1040; x_wconf 82' lang='lat' dir='ltr'><strong>quam</strong></span> <span class='ocrx_word' id='word_1_53' title='bbox 1680 953 2041 1039; x_wconf 79' lang='lat' dir='ltr'><strong>ignorabat,</strong></span> <span class='ocrx_word' id='word_1_54' title='bbox 2084 954 2202 1021; x_wconf 88' lang='lat' dir='ltr'><strong>sed</strong></span> 
     </span>
     <span class='ocr_line' id='line_1_9' title="bbox 131 1052 2205 1163; baseline 0 -42"><span class='ocrx_word' id='word_1_55' title='bbox 131 1076 252 1143; x_wconf 84' lang='lat' dir='ltr'><strong>pro</strong></span> <span class='ocrx_word' id='word_1_56' title='bbox 299 1055 498 1121; x_wconf 84' lang='lat' dir='ltr'><strong>animi</strong></span> <span class='ocrx_word' id='word_1_57' title='bbox 535 1054 906 1121; x_wconf 81' lang='lat' dir='ltr'><strong>fortitudine</strong></span> <span class='ocrx_word' id='word_1_58' title='bbox 951 1058 1014 1119; x_wconf 88' lang='lat' dir='ltr'><strong>et</strong></span> <span class='ocrx_word' id='word_1_59' title='bbox 1067 1052 1309 1120; x_wconf 89' lang='lat' dir='ltr'><strong>robore</strong></span> <span class='ocrx_word' id='word_1_60' title='bbox 1340 1052 1609 1137; x_wconf 79' lang='lat' dir='ltr'><strong>mentis,</strong></span> <span class='ocrx_word' id='word_1_61' title='bbox 1672 1072 1863 1140; x_wconf 84' lang='lat' dir='ltr'><strong>quam</strong></span> <span class='ocrx_word' id='word_1_62' title='bbox 1902 1072 2035 1163; x_wconf 78' lang='lat' dir='ltr'><strong>non</strong></span> <span class='ocrx_word' id='word_1_63' title='bbox 2076 1074 2205 1142; x_wconf 89' lang='lat' dir='ltr'><strong>po-</strong></span> 
     </span>
     <span class='ocr_line' id='line_1_10' title="bbox 128 1154 850 1221; baseline -0.003 0"><span class='ocrx_word' id='word_1_64' title='bbox 128 1160 296 1221; x_wconf 79' lang='lat' dir='ltr'><strong>terat</strong></span> <span class='ocrx_word' id='word_1_65' title='bbox 337 1154 676 1219; x_wconf 80' lang='lat' dir='ltr'><strong>occultare.</strong></span> <span class='ocrx_word' id='word_1_66' title='bbox 843 1182 850 1195; x_wconf 89' lang='lat'><strong>·</strong></span> 
     </span>
    </p>

    <p class='ocr_par' dir='ltr' id='par_1_3' title="bbox 126 1251 2285 1941">
     <span class='ocr_line' id='line_1_11' title="bbox 297 1251 2199 1339; baseline 0.001 -21"><span class='ocrx_word' id='word_1_67' title='bbox 297 1252 622 1320; x_wconf 87' lang='lat' dir='ltr'>XXXIV.</span> <span class='ocrx_word' id='word_1_68' title='bbox 711 1253 881 1338; x_wconf 80' lang='lat' dir='ltr'><strong>Quid</strong></span> <span class='ocrx_word' id='word_1_69' title='bbox 920 1253 1313 1339; x_wconf 80' lang='lat' dir='ltr'><strong>plurimum?</strong></span> <span class='ocrx_word' id='word_1_70' title='bbox 1354 1252 1677 1318; x_wconf 78' lang='lat' dir='ltr'><strong>Defuncto</strong></span> <span class='ocrx_word' id='word_1_71' title='bbox 1708 1251 1919 1337; x_wconf 82' lang='lat' dir='ltr'><strong>valia,</strong></span> <span class='ocrx_word' id='word_1_72' title='bbox 1964 1259 2041 1319; x_wconf 84' lang='lat' dir='ltr'><strong>ut</strong></span> <span class='ocrx_word' id='word_1_73' title='bbox 2080 1273 2199 1320; x_wconf 80' lang='lat' dir='ltr'><strong>su-</strong></span> 
     </span>
     <span class='ocr_line' id='line_1_12' title="bbox 126 1352 2201 1440; baseline -0 -20"><span class='ocrx_word' id='word_1_74' title='bbox 126 1353 346 1440; x_wconf 85' lang='lat' dir='ltr'><strong>perius</strong></span> <span class='ocrx_word' id='word_1_75' title='bbox 412 1354 586 1439; x_wconf 85' lang='lat' dir='ltr'><strong>quod</strong></span> <span class='ocrx_word' id='word_1_76' title='bbox 645 1353 920 1419; x_wconf 82' lang='lat' dir='ltr'><strong>diximus</strong></span> <span class='ocrx_word' id='word_1_77' title='bbox 940 1401 959 1437; x_wconf 84' lang='lat'>,</span> <span class='ocrx_word' id='word_1_78' title='bbox 1040 1356 1405 1438; x_wconf 75' lang='lat' dir='ltr'><strong>repetamus</strong></span> <span class='ocrx_word' id='word_1_79' title='bbox 1422 1398 1439 1429; x_wconf 92' lang='lat'>,</span> <span class='ocrx_word' id='word_1_80' title='bbox 1514 1352 1625 1438; x_wconf 87' lang='lat' dir='ltr'><strong>qui</strong></span> <span class='ocrx_word' id='word_1_81' title='bbox 1692 1370 1923 1437; x_wconf 86' lang='lat' dir='ltr'><strong>parum</strong></span> <span class='ocrx_word' id='word_1_82' title='bbox 1990 1352 2201 1419; x_wconf 84' lang='lat' dir='ltr'><strong>fuerat</strong></span> 
     </span>
     <span class='ocr_line' id='line_1_13' title="bbox 127 1450 2205 1540; baseline -0 -22"><span class='ocrx_word' id='word_1_83' title='bbox 127 1453 286 1521; x_wconf 85' lang='lat' dir='ltr'><strong>felix</strong></span> <span class='ocrx_word' id='word_1_84' title='bbox 331 1452 555 1538; x_wconf 83' lang='lat' dir='ltr'><strong>Gallis,</strong></span> <span class='ocrx_word' id='word_1_85' title='bbox 614 1454 1083 1540; x_wconf 84' lang='lat' dir='ltr'><strong>prosperrimus</strong></span> <span class='ocrx_word' id='word_1_86' title='bbox 1135 1450 1507 1538; x_wconf 75' lang='lat' dir='ltr'><strong>feliciorque</strong></span> <span class='ocrx_word' id='word_1_87' title='bbox 1548 1451 1985 1518; x_wconf 82' lang='lat' dir='ltr'><strong>Theodericus</strong></span> <span class='ocrx_word' id='word_1_88' title='bbox 2046 1472 2205 1519; x_wconf 77' lang='lat' dir='ltr'><strong>suc-</strong></span> 
     </span>
     <span class='ocr_line' id='line_1_14' title="bbox 128 1551 2197 1639; baseline 0 -20"><span class='ocrx_word' id='word_1_89' title='bbox 128 1554 329 1621; x_wconf 79' lang='lat' dir='ltr'><strong>cessit</strong></span> <span class='ocrx_word' id='word_1_90' title='bbox 363 1554 432 1618; x_wconf 88' lang='lat' dir='ltr'><strong>in</strong></span> <span class='ocrx_word' id='word_1_91' title='bbox 474 1572 696 1637; x_wconf 78' lang='lat' dir='ltr'><strong>regno,</strong></span> <span class='ocrx_word' id='word_1_92' title='bbox 749 1552 943 1617; x_wconf 81' lang='lat' dir='ltr'><strong>homo</strong></span> <span class='ocrx_word' id='word_1_93' title='bbox 987 1570 1235 1618; x_wconf 85' lang='lat' dir='ltr'><strong>summa</strong></span> <span class='ocrx_word' id='word_1_94' title='bbox 1292 1551 1727 1618; x_wconf 73' lang='lat' dir='ltr'><strong>moderatione</strong></span> <span class='ocrx_word' id='word_1_95' title='bbox 1784 1551 2197 1639; x_wconf 80' lang='lat' dir='ltr'><strong>compositus,</strong></span> 
     </span>
     <span class='ocr_line' id='line_1_15' title="bbox 129 1650 2285 1738; baseline 0 -21"><span class='ocrx_word' id='word_1_96' title='bbox 129 1653 329 1717; x_wconf 88' lang='lat' dir='ltr'><strong>animi</strong></span> <span class='ocrx_word' id='word_1_97' title='bbox 391 1653 798 1738; x_wconf 81' lang='lat' dir='ltr'><strong>corporisque</strong></span> <span class='ocrx_word' id='word_1_98' title='bbox 869 1650 1142 1717; x_wconf 81' lang='lat' dir='ltr'><strong>utilitate</strong></span> <span class='ocrx_word' id='word_1_99' title='bbox 1209 1650 1567 1721; x_wconf 77' lang='lat' dir='ltr'><strong>abundanS.</strong></span> <span class='ocrx_word' id='word_1_100' title='bbox 1695 1652 1934 1719; x_wconf 84' lang='lat' dir='ltr'><strong>Contra</strong></span> <span class='ocrx_word' id='word_1_101' title='bbox 2007 1670 2197 1738; x_wconf 89' lang='lat' dir='ltr'><strong>quem</strong></span> <span class='ocrx_word' id='word_1_102' title='bbox 2276 1653 2285 1661; x_wconf 74' lang='grc'><strong>“</strong></span> 
     </span>
     <span class='ocr_line' id='line_1_16' title="bbox 129 1750 2195 1840; baseline 0 -24"><span class='ocrx_word' id='word_1_103' title='bbox 129 1750 500 1818; x_wconf 84' lang='lat' dir='ltr'><strong>Theodosio</strong></span> <span class='ocrx_word' id='word_1_104' title='bbox 543 1757 605 1818; x_wconf 88' lang='lat' dir='ltr'><strong>et</strong></span> <span class='ocrx_word' id='word_1_105' title='bbox 625 1751 818 1819; x_wconf 87' lang='lat' dir='ltr'><strong>Festo</strong></span> <span class='ocrx_word' id='word_1_106' title='bbox 863 1750 1232 1818; x_wconf 85' lang='lat' dir='ltr'><strong>consulibus</strong></span> <span class='ocrx_word' id='word_1_107' title='bbox 1275 1771 1436 1838; x_wconf 87' lang='lat' dir='ltr'><strong>pace</strong></span> <span class='ocrx_word' id='word_1_108' title='bbox 1478 1756 1667 1840; x_wconf 88' lang='lat' dir='ltr'><strong>rupta</strong></span> <span class='ocrx_word' id='word_1_109' title='bbox 1708 1752 1983 1819; x_wconf 85' lang='lat' dir='ltr'><strong>Romani</strong></span> <span class='ocrx_word' id='word_1_110' title='bbox 2008 1752 2195 1820; x_wconf 88' lang='lat' dir='ltr'><strong>Hun-</strong></span> 
     </span>
     <span class='ocr_line' id='line_1_17' title="bbox 127 1844 2195 1941; baseline 0.001 -24"><span class='ocrx_word' id='word_1_111' title='bbox 127 1851 229 1919; x_wconf 89' lang='lat' dir='ltr'><strong>nis</strong></span> <span class='ocrx_word' id='word_1_112' title='bbox 272 1852 692 1919; x_wconf 82' lang='lat' dir='ltr'><strong>auxiliaribus</strong></span> <span class='ocrx_word' id='word_1_113' title='bbox 735 1871 952 1919; x_wconf 88' lang='lat' dir='ltr'><strong>secum</strong></span> <span class='ocrx_word' id='word_1_114' title='bbox 991 1850 1224 1941; x_wconf 73' lang='lat' dir='ltr'><strong>iunctis</strong></span> <span class='ocrx_word' id='word_1_115' title='bbox 1260 1849 1329 1915; x_wconf 91' lang='lat' dir='ltr'><strong>in</strong></span> <span class='ocrx_word' id='word_1_116' title='bbox 1360 1848 1602 1917; x_wconf 84' lang='lat' dir='ltr'><strong>Gallias</strong></span> <span class='ocrx_word' id='word_1_117' title='bbox 1632 1844 1809 1919; x_wconf 78' lang='lat' dir='ltr'><strong>arma</strong></span> <span class='ocrx_word' id='word_1_118' title='bbox 1834 1857 2195 1920; x_wconf 87' lang='lat' dir='ltr'><strong>moverunt.</strong></span> 
     </span>
    </p>
   </div>
   <div class='ocr_carea' id='block_1_3' title="bbox 127 2018 2230 2171">
    <p class='ocr_par' dir='ltr' id='par_1_4' title="bbox 127 2018 2230 2171">
     <span class='ocr_line' id='line_1_18' title="bbox 127 2018 2193 2088; baseline -0.001 -15"><span class='ocrx_word' id='word_1_119' title='bbox 127 2022 274 2088; x_wconf 78' lang='lat' dir='ltr'><strong>vulg.</strong></span> <span class='ocrx_word' id='word_1_120' title='bbox 312 2022 560 2071; x_wconf 68' lang='lat' dir='ltr'><strong>eximiam.</strong></span> <span class='ocrx_word' id='word_1_121' title='bbox 607 2049 674 2059; x_wconf 91' lang='lat'>-</span> <span class='ocrx_word' id='word_1_122' title='bbox 725 2023 882 2085; x_wconf 70' lang='lat' dir='ltr'><strong>reqazi</strong></span> <span class='ocrx_word' id='word_1_123' title='bbox 914 2024 1064 2083; x_wconf 62' lang='lat' dir='ltr'><strong>stirpe</strong></span> <span class='ocrx_word' id='word_1_124' title='bbox 1090 2018 1298 2086; x_wconf 69' lang='lat' dir='ltr'><strong>yenitos)</strong></span> <span class='ocrx_word' id='word_1_125' title='bbox 1333 2020 1417 2071; x_wconf 89' lang='lat' dir='ltr'><strong>Ita</strong></span> <span class='ocrx_word' id='word_1_126' title='bbox 1448 2020 1583 2075; x_wconf 80' lang='lat' dir='ltr'><strong>Pau.</strong></span> <span class='ocrx_word' id='word_1_127' title='bbox 1619 2036 1735 2074; x_wconf 86' lang='lat' dir='ltr'><strong>cum</strong></span> <span class='ocrx_word' id='word_1_128' title='bbox 1767 2022 1909 2087; x_wconf 82' lang='lat' dir='ltr'><strong>Epit.</strong></span> <span class='ocrx_word' id='word_1_129' title='bbox 1946 2022 2006 2071; x_wconf 72' lang='lat' dir='ltr'><strong>de</strong></span> <span class='ocrx_word' id='word_1_130' title='bbox 2036 2024 2193 2085; x_wconf 70' lang='lat' dir='ltr'><strong>reyali</strong></span> 
     </span>
     <span class='ocr_line' id='line_1_19' title="bbox 128 2102 2230 2171; baseline 0.001 -16"><span class='ocrx_word' id='word_1_131' title='bbox 128 2109 285 2167; x_wconf 62' lang='lat' dir='ltr'><strong>stirpe</strong></span> <span class='ocrx_word' id='word_1_132' title='bbox 336 2108 526 2167; x_wconf 58' lang='lat' dir='ltr'><strong>ymnos</strong></span> <span class='ocrx_word' id='word_1_133' title='bbox 578 2106 754 2171; x_wconf 81' lang='lat' dir='ltr'><strong>vulgo.</strong></span> <span class='ocrx_word' id='word_1_134' title='bbox 813 2134 872 2143; x_wconf 91' lang='lat'><strong>-—</strong></span> <span class='ocrx_word' id='word_1_135' title='bbox 931 2102 1234 2171; x_wconf 72' lang='lat' dir='ltr'><strong>ordinanda)</strong></span> <span class='ocrx_word' id='word_1_136' title='bbox 1312 2104 1490 2158; x_wconf 78' lang='lat' dir='ltr'><strong>Ambr.</strong></span> <span class='ocrx_word' id='word_1_137' title='bbox 1537 2106 1767 2155; x_wconf 72' lang='lat' dir='ltr'><strong>ordinata</strong></span> <span class='ocrx_word' id='word_1_138' title='bbox 1781 2140 1795 2169; x_wconf 94' lang='lat'>,</span> <span class='ocrx_word' id='word_1_139' title='bbox 1848 2104 1990 2169; x_wconf 84' lang='lat' dir='ltr'><strong>quod</strong></span> <span class='ocrx_word' id='word_1_140' title='bbox 2026 2104 2230 2157; x_wconf 80' lang='lat' dir='ltr'><strong>minus¹</strong></span> 
     </span>
    </p>
   </div>
   <div class='ocr_carea' id='block_1_4' title="bbox 127 2186 2315 2264">
    <p class='ocr_par' dir='ltr' id='par_1_5' title="bbox 127 2186 2315 2264">
     <span class='ocr_line' id='line_1_20' title="bbox 127 2186 2315 2264; baseline 0 -27"><span class='ocrx_word' id='word_1_141' title='bbox 127 2188 304 2253; x_wconf 87' lang='lat' dir='ltr'><strong>placet</strong></span> <span class='ocrx_word' id='word_1_142' title='bbox 319 2223 332 2250; x_wconf 92' lang='lat'>‚</span> <span class='ocrx_word' id='word_1_143' title='bbox 371 2188 616 2251; x_wconf 84' lang='lat' dir='ltr'><strong>quoniam</strong></span> <span class='ocrx_word' id='word_1_144' title='bbox 647 2189 783 2238; x_wconf 84' lang='lat' dir='ltr'><strong>inter</strong></span> <span class='ocrx_word' id='word_1_145' title='bbox 815 2187 968 2237; x_wconf 86' lang='lat' dir='ltr'><strong>initia</strong></span> <span class='ocrx_word' id='word_1_146' title='bbox 999 2186 1151 2254; x_wconf 81' lang='lat' dir='ltr'><strong>regni</strong></span> <span class='ocrx_word' id='word_1_147' title='bbox 1181 2202 1266 2239; x_wconf 88' lang='lat' dir='ltr'><strong>res</strong></span> <span class='ocrx_word' id='word_1_148' title='bbox 1298 2202 1404 2239; x_wconf 89' lang='lat' dir='ltr'><strong>non</strong></span> <span class='ocrx_word' id='word_1_149' title='bbox 1436 2193 1546 2239; x_wconf 83' lang='lat' dir='ltr'><strong>tam</strong></span> <span class='ocrx_word' id='word_1_150' title='bbox 1580 2187 1849 2243; x_wconf 73' lang='lat' dir='ltr'><strong>ordinatae</strong></span> <span class='ocrx_word' id='word_1_151' title='bbox 1882 2192 2004 2239; x_wconf 85' lang='lat' dir='ltr'><strong>sunt</strong></span> <span class='ocrx_word' id='word_1_152' title='bbox 2038 2201 2195 2253; x_wconf 84' lang='lat' dir='ltr'><strong>quam</strong></span> <span class='ocrx_word' id='word_1_153' title='bbox 2306 2258 2315 2264; x_wconf 18' lang='grc' dir='ltr'>ὓ</span> 
     </span>
    </p>
   </div>
   <div class='ocr_carea' id='block_1_5' title="bbox 123 2268 2211 3252">
    <p class='ocr_par' dir='ltr' id='par_1_6' title="bbox 127 2268 2211 2669">
     <span class='ocr_line' id='line_1_21' title="bbox 129 2268 2211 2335; baseline -0 -14"><span class='ocrx_word' id='word_1_154' title='bbox 129 2270 466 2323; x_wconf 80' lang='lat' dir='ltr'><strong>ordinandae.</strong></span> <span class='ocrx_word' id='word_1_155' title='bbox 515 2301 575 2311; x_wconf 92' lang='lat'><strong>——</strong></span> <span class='ocrx_word' id='word_1_156' title='bbox 631 2288 718 2321; x_wconf 79' lang='lat' dir='ltr'><strong>nec</strong></span> <span class='ocrx_word' id='word_1_157' title='bbox 752 2274 954 2321; x_wconf 70' lang='lat' dir='ltr'><strong>consilio</strong></span> <span class='ocrx_word' id='word_1_158' title='bbox 977 2301 1034 2309; x_wconf 93' lang='lat'><strong>—</strong></span> <span class='ocrx_word' id='word_1_159' title='bbox 1057 2276 1323 2335; x_wconf 69' lang='lat' dir='ltr'><strong>expertem,</strong></span> <span class='ocrx_word' id='word_1_160' title='bbox 1359 2286 1446 2321; x_wconf 77' lang='lat' dir='ltr'><strong>nec</strong></span> <span class='ocrx_word' id='word_1_161' title='bbox 1478 2275 1702 2323; x_wconf 74' lang='lat' dir='ltr'><strong>convivio</strong></span> <span class='ocrx_word' id='word_1_162' title='bbox 1734 2272 1978 2333; x_wconf 73' lang='lat' dir='ltr'><strong>alimum)</strong></span> <span class='ocrx_word' id='word_1_163' title='bbox 2014 2268 2211 2322; x_wconf 81' lang='lat' dir='ltr'><strong>Ambr..</strong></span> 
     </span>
     <span class='ocr_line' id='line_1_22' title="bbox 128 2337 2195 2419; baseline 0.001 -17"><span class='ocrx_word' id='word_1_164' title='bbox 128 2368 244 2402; x_wconf 89' lang='lat' dir='ltr'><strong>cum</strong></span> <span class='ocrx_word' id='word_1_165' title='bbox 288 2353 432 2419; x_wconf 85' lang='lat' dir='ltr'><strong>Epit.</strong></span> <span class='ocrx_word' id='word_1_166' title='bbox 483 2370 570 2407; x_wconf 77' lang='lat' dir='ltr'><strong>nec</strong></span> <span class='ocrx_word' id='word_1_167' title='bbox 621 2359 813 2407; x_wconf 72' lang='lat' dir='ltr'><strong>consilii</strong></span> <span class='ocrx_word' id='word_1_168' title='bbox 861 2359 941 2403; x_wconf 71' lang='lat' dir='ltr'><strong>sus·</strong></span> <span class='ocrx_word' id='word_1_169' title='bbox 990 2337 1230 2417; x_wconf 52' lang='lat' dir='ltr'><strong>expertein</strong></span> <span class='ocrx_word' id='word_1_170' title='bbox 1245 2390 1260 2417; x_wconf 94' lang='lat'>‚</span> <span class='ocrx_word' id='word_1_171' title='bbox 1302 2370 1389 2405; x_wconf 79' lang='lat' dir='ltr'><strong>nec</strong></span> <span class='ocrx_word' id='word_1_172' title='bbox 1439 2358 1653 2417; x_wconf 67' lang='lat' dir='ltr'><strong>convivii</strong></span> <span class='ocrx_word' id='word_1_173' title='bbox 1701 2357 1938 2406; x_wconf 71' lang='lat' dir='ltr'><strong>alienum.</strong></span> <span class='ocrx_word' id='word_1_174' title='bbox 1972 2381 2041 2393; x_wconf 91' lang='lat'>-</span> <span class='ocrx_word' id='word_1_175' title='bbox 2092 2366 2195 2405; x_wconf 80' lang='lat' dir='ltr'><strong>non</strong></span> 
     </span>
     <span class='ocr_line' id='line_1_23' title="bbox 128 2435 2195 2503; baseline 0.001 -18"><span class='ocrx_word' id='word_1_176' title='bbox 128 2435 321 2503; x_wconf 78' lang='lat' dir='ltr'><strong>tamen)</strong></span> <span class='ocrx_word' id='word_1_177' title='bbox 375 2435 463 2487; x_wconf 87' lang='lat' dir='ltr'><strong>Sic</strong></span> <span class='ocrx_word' id='word_1_178' title='bbox 507 2452 601 2503; x_wconf 84' lang='lat' dir='ltr'><strong>pro</strong></span> <span class='ocrx_word' id='word_1_179' title='bbox 645 2438 787 2503; x_wconf 80' lang='lat' dir='ltr'><strong>vulg.</strong></span> <span class='ocrx_word' id='word_1_180' title='bbox 833 2454 921 2489; x_wconf 84' lang='lat' dir='ltr'><strong>nec</strong></span> <span class='ocrx_word' id='word_1_181' title='bbox 955 2443 1153 2487; x_wconf 73' lang='lat' dir='ltr'><strong>tantum</strong></span> <span class='ocrx_word' id='word_1_182' title='bbox 1185 2437 1324 2489; x_wconf 90' lang='lat' dir='ltr'><strong>Pall.</strong></span> <span class='ocrx_word' id='word_1_183' title='bbox 1373 2464 1441 2474; x_wconf 91' lang='lat'>—</span> <span class='ocrx_word' id='word_1_184' title='bbox 1490 2438 1659 2488; x_wconf 72' lang='lat' dir='ltr'><strong>robore</strong></span> <span class='ocrx_word' id='word_1_185' title='bbox 1670 2436 1891 2503; x_wconf 62' lang='lat' dir='ltr'><strong>mentis)</strong></span> <span class='ocrx_word' id='word_1_186' title='bbox 1944 2437 2029 2487; x_wconf 69' lang='lat' dir='ltr'><strong>Ita</strong></span> <span class='ocrx_word' id='word_1_187' title='bbox 2058 2437 2195 2488; x_wconf 81' lang='lat' dir='ltr'><strong>Pau.</strong></span> 
     </span>
     <span class='ocr_line' id='line_1_24' title="bbox 128 2520 2195 2587; baseline 0 -18"><span class='ocrx_word' id='word_1_188' title='bbox 128 2535 246 2571; x_wconf 87' lang='lat' dir='ltr'><strong>cum</strong></span> <span class='ocrx_word' id='word_1_189' title='bbox 267 2520 450 2573; x_wconf 79' lang='lat' dir='ltr'><strong>Ambr.</strong></span> <span class='ocrx_word' id='word_1_190' title='bbox 484 2524 538 2571; x_wconf 81' lang='lat' dir='ltr'><strong>et</strong></span> <span class='ocrx_word' id='word_1_191' title='bbox 568 2521 674 2587; x_wconf 84' lang='lat' dir='ltr'><strong>Mg.</strong></span> <span class='ocrx_word' id='word_1_192' title='bbox 712 2520 791 2573; x_wconf 89' lang='lat' dir='ltr'><strong>ed.</strong></span> <span class='ocrx_word' id='word_1_193' title='bbox 826 2536 904 2586; x_wconf 83' lang='lat' dir='ltr'><strong>pr.</strong></span> <span class='ocrx_word' id='word_1_194' title='bbox 939 2524 1095 2585; x_wconf 69' lang='lat' dir='ltr'><strong>yemis</strong></span> <span class='ocrx_word' id='word_1_195' title='bbox 1132 2520 1309 2587; x_wconf 80' lang='lat' dir='ltr'><strong>vulgo,</strong></span> <span class='ocrx_word' id='word_1_196' title='bbox 1344 2520 1549 2572; x_wconf 80' lang='lat' dir='ltr'><strong>solenni</strong></span> <span class='ocrx_word' id='word_1_197' title='bbox 1578 2520 1849 2585; x_wconf 77' lang='lat' dir='ltr'><strong>utriusque</strong></span> <span class='ocrx_word' id='word_1_198' title='bbox 1881 2520 2026 2571; x_wconf 77' lang='lat' dir='ltr'><strong>vocis</strong></span> <span class='ocrx_word' id='word_1_199' title='bbox 2057 2520 2195 2569; x_wconf 85' lang='lat' dir='ltr'><strong>inter</strong></span> 
     </span>
     <span class='ocr_line' id='line_1_25' title="bbox 127 2602 1656 2669; baseline 0.003 -16"><span class='ocrx_word' id='word_1_200' title='bbox 127 2617 182 2653; x_wconf 87' lang='lat' dir='ltr'><strong>se</strong></span> <span class='ocrx_word' id='word_1_201' title='bbox 217 2604 648 2666; x_wconf 87' lang='lat' dir='ltr'><strong>commutatione;</strong></span> <span class='ocrx_word' id='word_1_202' title='bbox 682 2621 734 2659; x_wconf 81' lang='lat' dir='ltr'><strong>v.</strong></span> <span class='ocrx_word' id='word_1_203' title='bbox 769 2604 1036 2655; x_wconf 83' lang='lat' dir='ltr'><strong>Drakenb.</strong></span> <span class='ocrx_word' id='word_1_204' title='bbox 1074 2602 1142 2657; x_wconf 84' lang='lat' dir='ltr'><strong>ad</strong></span> <span class='ocrx_word' id='word_1_205' title='bbox 1175 2602 1270 2655; x_wconf 87' lang='lat' dir='ltr'><strong>Sil.</strong></span> <span class='ocrx_word' id='word_1_206' title='bbox 1304 2603 1373 2654; x_wconf 89' lang='lat' dir='ltr'><strong>It.</strong></span> <span class='ocrx_word' id='word_1_207' title='bbox 1406 2603 1499 2669; x_wconf 87' lang='lat' dir='ltr'><strong>VI,</strong></span> <span class='ocrx_word' id='word_1_208' title='bbox 1538 2604 1656 2657; x_wconf 79' lang='lat'><strong>610.</strong></span> 
     </span>
    </p>

    <p class='ocr_par' dir='ltr' id='par_1_7' title="bbox 123 2682 2209 3252">
     <span class='ocr_line' id='line_1_26' title="bbox 263 2682 2198 2752; baseline -0.001 -15"><span class='ocrx_word' id='word_1_209' title='bbox 263 2684 394 2751; x_wconf 83' lang='lat' dir='ltr'><strong>Cap.</strong></span> <span class='ocrx_word' id='word_1_210' title='bbox 427 2684 669 2737; x_wconf 86' lang='lat' dir='ltr'>XXXIV.</span> <span class='ocrx_word' id='word_1_211' title='bbox 737 2688 870 2749; x_wconf 77' lang='lat' dir='ltr'><strong>Quid</strong></span> <span class='ocrx_word' id='word_1_212' title='bbox 897 2690 1177 2751; x_wconf 76' lang='lat' dir='ltr'><strong>plurimum</strong></span> <span class='ocrx_word' id='word_1_213' title='bbox 1188 2685 1235 2752; x_wconf 71' lang='grc' dir='ltr'><strong>Ρ)</strong></span> <span class='ocrx_word' id='word_1_214' title='bbox 1269 2686 1423 2737; x_wconf 84' lang='lat' dir='ltr'><strong>Haec</strong></span> <span class='ocrx_word' id='word_1_215' title='bbox 1452 2686 1631 2749; x_wconf 81' lang='lat' dir='ltr'><strong>verba,</strong></span> <span class='ocrx_word' id='word_1_216' title='bbox 1668 2699 1803 2751; x_wconf 86' lang='lat' dir='ltr'><strong>quae</strong></span> <span class='ocrx_word' id='word_1_217' title='bbox 1833 2683 1891 2735; x_wconf 87' lang='lat' dir='ltr'><strong>in</strong></span> <span class='ocrx_word' id='word_1_218' title='bbox 1926 2682 2045 2739; x_wconf 79' lang='lat' dir='ltr'><strong>edd.</strong></span> <span class='ocrx_word' id='word_1_219' title='bbox 2068 2684 2198 2735; x_wconf 85' lang='lat' dir='ltr'><strong>Vul-</strong></span> 
     </span>
     <span class='ocr_line' id='line_1_27' title="bbox 128 2768 2200 2837; baseline 0 -19"><span class='ocrx_word' id='word_1_220' title='bbox 128 2769 352 2819; x_wconf 87' lang='lat' dir='ltr'><strong>caniana</strong></span> <span class='ocrx_word' id='word_1_221' title='bbox 383 2770 758 2835; x_wconf 77' lang='lat' dir='ltr'><strong>antiquioribus</strong></span> <span class='ocrx_word' id='word_1_222' title='bbox 792 2772 1052 2837; x_wconf 77' lang='lat' dir='ltr'><strong>leguntur,</strong></span> <span class='ocrx_word' id='word_1_223' title='bbox 1087 2784 1256 2835; x_wconf 88' lang='lat' dir='ltr'><strong>neque</strong></span> <span class='ocrx_word' id='word_1_224' title='bbox 1289 2785 1323 2821; x_wconf 88' lang='lat' dir='ltr'><strong>a</strong></span> <span class='ocrx_word' id='word_1_225' title='bbox 1353 2768 1489 2824; x_wconf 85' lang='lat' dir='ltr'><strong>Pall.</strong></span> <span class='ocrx_word' id='word_1_226' title='bbox 1524 2773 1578 2820; x_wconf 83' lang='lat' dir='ltr'><strong>et</strong></span> <span class='ocrx_word' id='word_1_227' title='bbox 1609 2768 1786 2821; x_wconf 82' lang='lat' dir='ltr'><strong>Ambr.</strong></span> <span class='ocrx_word' id='word_1_228' title='bbox 1823 2768 2033 2831; x_wconf 87' lang='lat' dir='ltr'><strong>absunt,</strong></span> <span class='ocrx_word' id='word_1_229' title='bbox 2068 2768 2200 2818; x_wconf 69' lang='lat' dir='ltr'><strong>omi-⁴</strong></span> 
     </span>
     <span class='ocr_line' id='line_1_28' title="bbox 125 2850 2209 2921; baseline -0 -19"><span class='ocrx_word' id='word_1_230' title='bbox 125 2852 194 2902; x_wconf 86' lang='lat' dir='ltr'><strong>sit</strong></span> <span class='ocrx_word' id='word_1_231' title='bbox 208 2889 224 2916; x_wconf 85' lang='lat'>‚</span> <span class='ocrx_word' id='word_1_232' title='bbox 259 2857 458 2904; x_wconf 85' lang='lat' dir='ltr'><strong>temere</strong></span> <span class='ocrx_word' id='word_1_233' title='bbox 493 2854 636 2918; x_wconf 85' lang='lat' dir='ltr'><strong>satis,</strong></span> <span class='ocrx_word' id='word_1_234' title='bbox 671 2854 866 2919; x_wconf 83' lang='lat' dir='ltr'><strong>primus</strong></span> <span class='ocrx_word' id='word_1_235' title='bbox 905 2852 1189 2905; x_wconf 86' lang='lat' dir='ltr'><strong>Vulcanius</strong></span> <span class='ocrx_word' id='word_1_236' title='bbox 1210 2891 1223 2918; x_wconf 94' lang='lat'>,</span> <span class='ocrx_word' id='word_1_237' title='bbox 1258 2868 1429 2921; x_wconf 87' lang='lat' dir='ltr'><strong>neque</strong></span> <span class='ocrx_word' id='word_1_238' title='bbox 1462 2853 1803 2905; x_wconf 75' lang='lat' dir='ltr'><strong>restituerunt</strong></span> <span class='ocrx_word' id='word_1_239' title='bbox 1834 2856 2041 2919; x_wconf 83' lang='lat' dir='ltr'><strong>praeter</strong></span> <span class='ocrx_word' id='word_1_240' title='bbox 2065 2850 2209 2903; x_wconf 85' lang='lat' dir='ltr'><strong>Gru--</strong></span> 
     </span>
     <span class='ocr_line' id='line_1_29' title="bbox 125 2933 2197 3002; baseline 0.002 -18"><span class='ocrx_word' id='word_1_241' title='bbox 125 2938 318 2996; x_wconf 86' lang='lat' dir='ltr'><strong>terum,</strong></span> <span class='ocrx_word' id='word_1_242' title='bbox 355 2935 462 2999; x_wconf 67' lang='lat' dir='ltr'><strong>‚qui</strong></span> <span class='ocrx_word' id='word_1_243' title='bbox 503 2937 827 3002; x_wconf 80' lang='lat' dir='ltr'><strong>postmodum</strong></span> <span class='ocrx_word' id='word_1_244' title='bbox 872 2937 1146 2991; x_wconf 82' lang='lat' dir='ltr'><strong>ediderunt</strong></span> <span class='ocrx_word' id='word_1_245' title='bbox 1186 2936 1477 2989; x_wconf 73' lang='lat' dir='ltr'><strong>Iordanem.</strong></span> <span class='ocrx_word' id='word_1_246' title='bbox 1514 2964 1582 2974; x_wconf 93' lang='lat'>—</span> <span class='ocrx_word' id='word_1_247' title='bbox 1627 2938 1749 3001; x_wconf 72' lang='lat' dir='ltr'><strong>felix</strong></span> <span class='ocrx_word' id='word_1_248' title='bbox 1784 2933 1965 3002; x_wconf 74' lang='lat' dir='ltr'><strong>Gallis)</strong></span> <span class='ocrx_word' id='word_1_249' title='bbox 2015 2934 2197 2989; x_wconf 69' lang='lat' dir='ltr'><strong>Ambr0</strong></span> 
     </span>
     <span class='ocr_line' id='line_1_30' title="bbox 129 3004 2196 3087; baseline 0 -20"><span class='ocrx_word' id='word_1_250' title='bbox 129 3018 324 3067; x_wconf 75' lang='lat' dir='ltr'><strong>Gallus.</strong></span> <span class='ocrx_word' id='word_1_251' title='bbox 379 3046 445 3055; x_wconf 97' lang='lat'>—</span> <span class='ocrx_word' id='word_1_252' title='bbox 497 3022 714 3070; x_wconf 79' lang='lat' dir='ltr'><strong>utilitate</strong></span> <span class='ocrx_word' id='word_1_253' title='bbox 762 3004 1044 3087; x_wconf 68' lang='lat' dir='ltr'><strong>abundans)</strong></span> <span class='ocrx_word' id='word_1_254' title='bbox 1095 3020 1272 3073; x_wconf 84' lang='lat' dir='ltr'><strong>Ambr.</strong></span> <span class='ocrx_word' id='word_1_255' title='bbox 1318 3034 1435 3071; x_wconf 86' lang='lat' dir='ltr'><strong>cum</strong></span> <span class='ocrx_word' id='word_1_256' title='bbox 1468 3018 1584 3071; x_wconf 86' lang='lat' dir='ltr'><strong>edd.</strong></span> <span class='ocrx_word' id='word_1_257' title='bbox 1619 3035 1699 3086; x_wconf 83' lang='lat' dir='ltr'><strong>pr.</strong></span> <span class='ocrx_word' id='word_1_258' title='bbox 1738 3024 1791 3069; x_wconf 84' lang='lat' dir='ltr'><strong>et</strong></span> <span class='ocrx_word' id='word_1_259' title='bbox 1823 3018 1941 3068; x_wconf 85' lang='lat' dir='ltr'><strong>Par.</strong></span> <span class='ocrx_word' id='word_1_260' title='bbox 1976 3020 2196 3067; x_wconf 67' lang='lat' dir='ltr'><strong>utilitme</strong></span> 
     </span>
     <span class='ocr_line' id='line_1_31' title="bbox 124 3101 2195 3169; baseline 0.001 -20"><span class='ocrx_word' id='word_1_261' title='bbox 124 3101 383 3151; x_wconf 69' lang='lat' dir='ltr'><strong>habendus</strong></span> <span class='ocrx_word' id='word_1_262' title='bbox 398 3120 415 3149; x_wconf 90' lang='lat'><strong>.·</strong></span> <span class='ocrx_word' id='word_1_263' title='bbox 452 3116 556 3167; x_wconf 83' lang='lat' dir='ltr'><strong>qua</strong></span> <span class='ocrx_word' id='word_1_264' title='bbox 586 3104 810 3155; x_wconf 88' lang='lat' dir='ltr'><strong>lectione</strong></span> <span class='ocrx_word' id='word_1_265' title='bbox 843 3106 1026 3157; x_wconf 82' lang='lat' dir='ltr'><strong>merito</strong></span> <span class='ocrx_word' id='word_1_266' title='bbox 1060 3104 1287 3157; x_wconf 80' lang='lat' dir='ltr'><strong>offensus</strong></span> <span class='ocrx_word' id='word_1_267' title='bbox 1302 3141 1319 3169; x_wconf 87' lang='lat'><strong>,</strong></span> <span class='ocrx_word' id='word_1_268' title='bbox 1354 3101 1478 3153; x_wconf 86' lang='lat' dir='ltr'><strong>dum</strong></span> <span class='ocrx_word' id='word_1_269' title='bbox 1509 3117 1609 3153; x_wconf 90' lang='lat' dir='ltr'><strong>nec</strong></span> <span class='ocrx_word' id='word_1_270' title='bbox 1640 3103 1699 3153; x_wconf 88' lang='lat' dir='ltr'><strong>in</strong></span> <span class='ocrx_word' id='word_1_271' title='bbox 1730 3101 2039 3155; x_wconf 80' lang='lat' dir='ltr'><strong>Leunclavii</strong></span> <span class='ocrx_word' id='word_1_272' title='bbox 2072 3115 2195 3152; x_wconf 87' lang='lat' dir='ltr'><strong>con-</strong></span> 
     </span>
     <span class='ocr_line' id='line_1_32' title="bbox 123 3180 2197 3252; baseline 0.003 -20"><span class='ocrx_word' id='word_1_273' title='bbox 123 3182 332 3233; x_wconf 84' lang='lat' dir='ltr'><strong>iectura</strong></span> <span class='ocrx_word' id='word_1_274' title='bbox 364 3190 422 3233; x_wconf 73' lang='lat' dir='ltr'><strong>ut</strong></span> <span class='ocrx_word' id='word_1_275' title='bbox 451 3188 546 3235; x_wconf 78' lang='lat' dir='ltr'><strong>illa</strong></span> <span class='ocrx_word' id='word_1_276' title='bbox 579 3192 736 3238; x_wconf 79' lang='lat' dir='ltr'><strong>aetate</strong></span> <span class='ocrx_word' id='word_1_277' title='bbox 768 3187 1052 3252; x_wconf 75' lang='lat' dir='ltr'><strong>acquiescit</strong></span> <span class='ocrx_word' id='word_1_278' title='bbox 1065 3222 1080 3251; x_wconf 92' lang='lat'>,</span> <span class='ocrx_word' id='word_1_279' title='bbox 1132 3188 1327 3252; x_wconf 83' lang='lat' dir='ltr'><strong>primus</strong></span> <span class='ocrx_word' id='word_1_280' title='bbox 1358 3188 1417 3237; x_wconf 88' lang='lat' dir='ltr'><strong>in</strong></span> <span class='ocrx_word' id='word_1_281' title='bbox 1450 3201 1547 3239; x_wconf 86' lang='lat' dir='ltr'><strong>sua</strong></span> <span class='ocrx_word' id='word_1_282' title='bbox 1579 3185 1723 3237; x_wconf 82' lang='lat' dir='ltr'><strong>dedit</strong></span> <span class='ocrx_word' id='word_1_283' title='bbox 1754 3185 2040 3237; x_wconf 76' lang='lat' dir='ltr'><strong>Vulcanius</strong></span> <span class='ocrx_word' id='word_1_284' title='bbox 2072 3180 2197 3239; x_wconf 69' lang='lat' dir='ltr'><strong>em.-</strong></span> 
     </span>
    </p>
   </div>
   <div class='ocr_carea' id='block_1_6' title="bbox 27 3266 2193 3336">
    <p class='ocr_par' dir='ltr' id='par_1_8' title="bbox 27 3266 2193 3336">
     <span class='ocr_line' id='line_1_33' title="bbox 27 3266 2193 3336; baseline -0 -20"><span class='ocrx_word' id='word_1_285' title='bbox 27 3328 32 3331; x_wconf 32' lang='grc'><strong>,</strong></span> <span class='ocrx_word' id='word_1_286' title='bbox 122 3270 269 3318; x_wconf 73' lang='lat' dir='ltr'><strong>litate</strong></span> <span class='ocrx_word' id='word_1_287' title='bbox 293 3268 570 3333; x_wconf 70' lang='lat' dir='ltr'><strong>abundans,</strong></span> <span class='ocrx_word' id='word_1_288' title='bbox 595 3270 832 3321; x_wconf 85' lang='lat' dir='ltr'><strong>omnibus</strong></span> <span class='ocrx_word' id='word_1_289' title='bbox 855 3276 974 3336; x_wconf 83' lang='lat' dir='ltr'><strong>post</strong></span> <span class='ocrx_word' id='word_1_290' title='bbox 1001 3270 1291 3324; x_wconf 83' lang='lat' dir='ltr'><strong>editoribus</strong></span> <span class='ocrx_word' id='word_1_291' title='bbox 1314 3285 1429 3321; x_wconf 88' lang='lat' dir='ltr'><strong>eam</strong></span> <span class='ocrx_word' id='word_1_292' title='bbox 1446 3269 1727 3321; x_wconf 76' lang='lat' dir='ltr'><strong>lectionem</strong></span> <span class='ocrx_word' id='word_1_293' title='bbox 1748 3266 2193 3333; x_wconf 75' lang='lat' dir='ltr'><strong>amplectentibus.</strong></span> 
     </span>
    </p>
   </div>
   <div class='ocr_carea' id='block_1_7' title="bbox 121 3350 2208 3780">
    <p class='ocr_par' dir='ltr' id='par_1_9' title="bbox 121 3350 2208 3669">
     <span class='ocr_line' id='line_1_34' title="bbox 122 3350 2193 3419; baseline -0.001 -16"><span class='ocrx_word' id='word_1_294' title='bbox 122 3350 234 3403; x_wconf 86' lang='lat' dir='ltr'><strong>Sed</strong></span> <span class='ocrx_word' id='word_1_295' title='bbox 269 3352 410 3403; x_wconf 84' lang='lat' dir='ltr'><strong>enim</strong></span> <span class='ocrx_word' id='word_1_296' title='bbox 443 3357 504 3405; x_wconf 84' lang='lat' dir='ltr'><strong>ut</strong></span> <span class='ocrx_word' id='word_1_297' title='bbox 536 3353 792 3403; x_wconf 64' lang='lat' dir='ltr'><strong>abendam</strong></span> <span class='ocrx_word' id='word_1_298' title='bbox 837 3355 1030 3419; x_wconf 83' lang='lat' dir='ltr'><strong>optime</strong></span> <span class='ocrx_word' id='word_1_299' title='bbox 1077 3355 1299 3407; x_wconf 83' lang='lat' dir='ltr'><strong>coniecit</strong></span> <span class='ocrx_word' id='word_1_300' title='bbox 1330 3353 1619 3405; x_wconf 82' lang='lat' dir='ltr'><strong>Vulcanius</strong></span> <span class='ocrx_word' id='word_1_301' title='bbox 1633 3389 1648 3418; x_wconf 88' lang='lat'>,</span> <span class='ocrx_word' id='word_1_302' title='bbox 1698 3352 1776 3402; x_wconf 87' lang='lat' dir='ltr'><strong>ita</strong></span> <span class='ocrx_word' id='word_1_303' title='bbox 1822 3365 1925 3402; x_wconf 78' lang='lat' dir='ltr'><strong>vox</strong></span> <span class='ocrx_word' id='word_1_304' title='bbox 1974 3353 2193 3416; x_wconf 65' lang='lat' dir='ltr'><strong>utilitate</strong></span> 
     </span>
     <span class='ocr_line' id='line_1_35' title="bbox 122 3431 2193 3497; baseline 0 -13"><span class='ocrx_word' id='word_1_305' title='bbox 122 3450 232 3485; x_wconf 87' lang='lat' dir='ltr'><strong>non</strong></span> <span class='ocrx_word' id='word_1_306' title='bbox 269 3438 384 3485; x_wconf 86' lang='lat' dir='ltr'><strong>erat</strong></span> <span class='ocrx_word' id='word_1_307' title='bbox 416 3434 760 3487; x_wconf 84' lang='lat' dir='ltr'><strong>sollicitanda.</strong></span> <span class='ocrx_word' id='word_1_308' title='bbox 828 3437 988 3488; x_wconf 85' lang='lat' dir='ltr'><strong>Valet</strong></span> <span class='ocrx_word' id='word_1_309' title='bbox 1035 3437 1174 3489; x_wconf 85' lang='lat' dir='ltr'><strong>enim</strong></span> <span class='ocrx_word' id='word_1_310' title='bbox 1217 3438 1532 3488; x_wconf 80' lang='lat' dir='ltr'><strong>vocabulum</strong></span> <span class='ocrx_word' id='word_1_311' title='bbox 1572 3439 1712 3485; x_wconf 65' lang='lat' dir='ltr'><strong>utilis</strong></span> <span class='ocrx_word' id='word_1_312' title='bbox 1755 3432 2009 3497; x_wconf 84' lang='lat' dir='ltr'><strong>sesquiori</strong></span> <span class='ocrx_word' id='word_1_313' title='bbox 2051 3431 2193 3485; x_wconf 85' lang='lat' dir='ltr'><strong>idem</strong></span> 
     </span>
     <span class='ocr_line' id='line_1_36' title="bbox 121 3512 2208 3585; baseline -0.002 -16"><span class='ocrx_word' id='word_1_314' title='bbox 121 3522 303 3569; x_wconf 86' lang='lat' dir='ltr'><strong>aetate</strong></span> <span class='ocrx_word' id='word_1_315' title='bbox 322 3556 336 3582; x_wconf 94' lang='lat'>,</span> <span class='ocrx_word' id='word_1_316' title='bbox 392 3515 529 3583; x_wconf 88' lang='lat' dir='ltr'><strong>quod</strong></span> <span class='ocrx_word' id='word_1_317' title='bbox 559 3534 714 3571; x_wconf 85' lang='lat' dir='ltr'><strong>voces</strong></span> <span class='ocrx_word' id='word_1_318' title='bbox 746 3520 956 3585; x_wconf 87' lang='lat' dir='ltr'><strong>bonus,</strong></span> <span class='ocrx_word' id='word_1_319' title='bbox 1007 3519 1157 3573; x_wconf 82' lang='lat' dir='ltr'><strong>fortis</strong></span> <span class='ocrx_word' id='word_1_320' title='bbox 1189 3520 1398 3585; x_wconf 83' lang='lat' dir='ltr'><strong>aliaque</strong></span> <span class='ocrx_word' id='word_1_321' title='bbox 1428 3518 1613 3571; x_wconf 85' lang='lat' dir='ltr'><strong>similis</strong></span> <span class='ocrx_word' id='word_1_322' title='bbox 1643 3512 2061 3581; x_wconf 76' lang='lat' dir='ltr'><strong>significationis:</strong></span> <span class='ocrx_word' id='word_1_323' title='bbox 2118 3514 2208 3565; x_wconf 88' lang='lat' dir='ltr'><strong>sic.</strong></span> 
     </span>
     <span class='ocr_line' id='line_1_37' title="bbox 124 3600 2193 3679; baseline -0.003 -26"><span class='ocrx_word' id='word_1_324' title='bbox 124 3602 388 3669; x_wconf 74' lang='lat' dir='ltr'><strong>vegetius</strong></span> <span class='ocrx_word' id='word_1_325' title='bbox 422 3602 484 3652; x_wconf 87' lang='lat' dir='ltr'><strong>R.</strong></span> <span class='ocrx_word' id='word_1_326' title='bbox 509 3601 584 3655; x_wconf 82' lang='lat' dir='ltr'><strong>M.</strong></span> <span class='ocrx_word' id='word_1_327' title='bbox 607 3603 654 3667; x_wconf 85' lang='grc' dir='ltr'><strong>Ι,</strong></span> <span class='ocrx_word' id='word_1_328' title='bbox 689 3604 739 3655; x_wconf 89' lang='lat'><strong>8.</strong></span> <span class='ocrx_word' id='word_1_329' title='bbox 773 3604 1070 3669; x_wconf 74' lang='lat' dir='ltr'><strong>repudiandi</strong></span> <span class='ocrx_word' id='word_1_330' title='bbox 1091 3608 1256 3654; x_wconf 72' lang='lat' dir='ltr'><strong>minus</strong></span> <span class='ocrx_word' id='word_1_331' title='bbox 1277 3607 1423 3654; x_wconf 65' lang='lat' dir='ltr'><strong>utiles</strong></span> <span class='ocrx_word' id='word_1_332' title='bbox 1446 3608 1493 3679; x_wconf 61' lang='lat' dir='ltr'><strong>ft</strong></span> <span class='ocrx_word' id='word_1_333' title='bbox 1514 3605 1571 3653; x_wconf 74' lang='lat' dir='ltr'><strong>in</strong></span> <span class='ocrx_word' id='word_1_334' title='bbox 1591 3604 1753 3655; x_wconf 81' lang='lat' dir='ltr'><strong>locum</strong></span> <span class='ocrx_word' id='word_1_335' title='bbox 1776 3613 1941 3649; x_wconf 78' lang='lat' dir='ltr'><strong>eorum</strong></span> <span class='ocrx_word' id='word_1_336' title='bbox 1962 3600 2193 3653; x_wconf 71' lang='lat' dir='ltr'><strong>attenuu-</strong></span> 
     </span>
    </p>

    <p class='ocr_par' dir='ltr' id='par_1_10' title="bbox 122 3681 2194 3780">
     <span class='ocr_line' id='line_1_38' title="bbox 122 3681 2194 3780; baseline -0.003 -42"><span class='ocrx_word' id='word_1_337' title='bbox 122 3690 245 3738; x_wconf 68' lang='lat' dir='ltr'><strong>ceno·</strong></span> <span class='ocrx_word' id='word_1_338' title='bbox 270 3686 577 3751; x_wconf 60' lang='lat' dir='ltr'><strong>subrogandi</strong></span> <span class='ocrx_word' id='word_1_339' title='bbox 605 3690 754 3749; x_wconf 44' lang='lat' dir='ltr'><strong>suna·</strong></span> <span class='ocrx_word' id='word_1_340' title='bbox 789 3686 1023 3739; x_wconf 85' lang='lat' dir='ltr'><strong>Historia</strong></span> <span class='ocrx_word' id='word_1_341' title='bbox 1045 3687 1188 3755; x_wconf 83' lang='lat' dir='ltr'><strong>Trip.</strong></span> <span class='ocrx_word' id='word_1_342' title='bbox 1211 3686 1333 3752; x_wconf 86' lang='lat' dir='ltr'>VII,</span> <span class='ocrx_word' id='word_1_343' title='bbox 1356 3688 1407 3742; x_wconf 80' lang='lat'><strong>2.</strong></span> <span class='ocrx_word' id='word_1_344' title='bbox 1443 3688 1639 3737; x_wconf 76' lang='lat' dir='ltr'><strong>nullum</strong></span> <span class='ocrx_word' id='word_1_345' title='bbox 1666 3687 1863 3747; x_wconf 59' lang='lat' dir='ltr'><strong>dotium</strong></span> <span class='ocrx_word' id='word_1_346' title='bbox 1891 3684 1951 3735; x_wconf 78' lang='lat' dir='ltr'><strong>in</strong></span> <span class='ocrx_word' id='word_1_347' title='bbox 1980 3694 2037 3780; x_wconf 29' lang='grc' dir='ltr'><strong>εἰσ</strong></span> <span class='ocrx_word' id='word_1_348' title='bbox 2069 3681 2194 3731; x_wconf 72' lang='lat' dir='ltr'><strong>mihi</strong></span> 
     </span>
    </p>
   </div>
  </div>
 </body>
</html>
