2567 4084
1288 147 1370 210 14

286 327 458 394 unde
500 326 670 412 Vagi
711 326 966 411 fluviuS,
1033 325 1210 392 velut
1255 323 1535 410 quodam
1588 327 1811 388 ventre
1841 326 2225 408 generatuS,
2287 320 2359 386 in

287 426 620 493 Oceanum
653 426 938 492 undosus
983 424 1320 491 evolvitur.
1385 423 1493 490 Ab
1541 423 1872 491 occidente
1912 440 2189 509 namque
2232 420 2358 486 im-

285 545 504 593 menso
561 526 792 612 pelago
851 522 1280 590 circumdatur
1293 571 1310 606 ,
1366 542 1407 587 a
1460 522 1895 609 septentrione
1949 537 2204 608 quoque
2246 518 2357 584 in·-

201 661 206 667 -
283 623 636 710 navigabili
677 624 901 690 eodem
947 622 1310 690 vastissimo
1356 620 1756 688 concluditur
1777 621 2057 702 Oceano,
2102 639 2185 684 ex
2226 637 2358 704 quo

287 725 475 812 quasi<
513 724 790 810 quodam
831 721 1094 788 brachio
1138 726 1445 806 exeunte,
1492 722 1636 786 sinu
1673 720 1969 804 distento,
2014 716 2357 784 Germani-

285 843 430 889 cum
473 841 645 888 mare
687 821 974 888 efficitur.
1063 820 1217 908 [Hic
1257 825 1504 906 gentes,
1552 841 1714 908 quae
1761 818 2061 886 carnibus
2104 820 2357 881 tantum

285 921 562 1006 vivunt]
630 920 762 987 Ubi
791 921 978 986 etiam
1010 940 1250 1007 parvae
1281 921 1561 1007 quidem,
1607 920 1720 987 sed
1756 920 1974 1007 plures
2005 914 2356 1004 perhiben-

283 1026 386 1086 tur
427 1021 675 1086 insulae
733 1039 871 1086 esse
933 1019 1315 1108 dispositae,
1374 1019 1457 1085 ad
1516 1039 1677 1106 quas
1720 1021 1775 1085 si
1821 1015 2152 1101 congelato
2196 1014 2359 1080 mari

286 1118 369 1182 ob
428 1120 692 1185 nimium
751 1119 952 1202 frigus
1007 1118 1146 1206 lupi
1199 1118 1598 1204 transierint,
1666 1117 2012 1184 luminibus
2070 1113 2358 1181 feruntur

285 1217 516 1283 orbari.
583 1217 686 1284 Ita
748 1238 878 1284 non
935 1217 1143 1283 solum
1199 1217 1603 1302 inhospitalis
1662 1217 2031 1284 hominibus
2050 1262 2067 1294 ‚
2132 1233 2357 1278 verum

282 1317 474 1382 etiam
517 1317 724 1384 beluis
767 1323 936 1383 terra
987 1316 1261 1382 crudelis
1314 1325 1427 1382 est.
1486 1315 1563 1382 In
1594 1316 1887 1383 Scandza
1928 1336 2082 1382 vero
2125 1314 2356 1399 insula,

281 1412 453 1481 unde
495 1416 683 1482 nobis
728 1437 934 1482 sermo
981 1421 1100 1499 est,
1144 1416 1295 1481 licet
1339 1415 1575 1481 multae
1618 1421 1682 1480 et
1724 1415 2016 1481 diversae
2060 1417 2360 1480 maneant

283 1516 594 1595 nationeS,
641 1520 889 1601 septem
931 1520 1180 1581 tantum
1225 1533 1442 1579 earum
1497 1514 1755 1579 nomina
1810 1514 2097 1580 meminit
2136 1514 2357 1580 Ptole-

282 1633 520 1678 maeuS.
574 1615 794 1700 Apum
833 1614 927 1679 ibi
962 1615 1153 1679 turba
1184 1613 1481 1679 mellifica
1523 1613 1607 1679 ob
1652 1613 1918 1680 nimium
1958 1613 2159 1698 frigus
2200 1633 2357 1680 nus-

289 1732 480 1800 quam
522 1713 856 1800 reperitur.
918 1713 998 1780 In
1041 1713 1221 1778 cuius
1264 1719 1447 1800 parte
1483 1719 1701 1778 arctoa
1726 1733 1883 1797 gens
1912 1714 2158 1800 Adogit
2192 1735 2354 1781 con-

959 1852 1006 1856 .--
1013 1851 1181 1856 --...-.,
1220 1851 1536 1856 -—-—-—--
1593 1853 1870 1858 ——-—---—-
1883 1852 1959 1859 0-
2000 1853 2039 1858 ..-
2142 1854 2152 1856 -
2183 1851 2353 1860 ———

421 1899 555 1947 velut
587 1899 799 1960 quodam
820 1903 985 1948 ventre
1005 1900 1283 1961 ymerum)
1306 1897 1435 1948 Rod.
1459 1901 1601 1960 quasi
1620 1903 1722 1948 eius
1737 1903 1875 1948 utero
1890 1905 2169 1961 ymerum-5:
2187 1913 2363 1963 neque

287 1980 344 2030 id
365 1981 528 2042 male3
569 1981 836 2046 vulgatam
872 1986 1048 2030 tamen
1081 1982 1305 2032 retinere
1338 1981 1540 2046 placuit
1573 1981 1658 2030 vel
1694 1982 1759 2031 ob
1782 1981 2002 2032 similem
2023 1983 2194 2032 locum
2214 1981 2357 2046 apud

289 2062 650 2114 Cassiodorum
688 2062 810 2112 Var.
852 2063 954 2126 XI,
998 2063 1081 2113 14.
1120 2065 1213 2114 ubi
1250 2064 1318 2115 de
1353 2063 1541 2113 Addua
1578 2065 1630 2113 fl.
1675 2071 1814 2114 tanto
1857 2067 2047 2127 impetu
2088 2067 2363 2114 vastissimi

289 2149 508 2208 aequoris
539 2147 701 2194 undas
737 2147 928 2207 incidit,
962 2152 1022 2195 ut
1042 2173 1109 2183 —
1130 2147 1340 2196 obesiore
1360 2151 1494 2196 alvei
1516 2152 1682 2196 ventre
1712 2153 1974 2208 ymeretur.
2009 2173 2077 2182 —
2108 2151 2223 2197 sinu
2254 2149 2361 2197 dis-

291 2225 446 2292 tento)
477 2227 753 2292 Freculph.
791 2233 906 2279 sinu
943 2232 1150 2279 detento.
1199 2257 1266 2267 —
1311 2231 1409 2279 Hie
1428 2235 1591 2291 yentes
1606 2255 1673 2266 -·—
1686 2227 1883 2296 vivunt)
1921 2229 2070 2280 Haec
2106 2231 2267 2280 verba
2300 2231 2363 2279 in

288 2309 420 2360 Pall.
443 2325 550 2360 non
573 2316 887 2376 comparent,
925 2326 1084 2376 quare
1107 2313 1261 2363 eiecit
1285 2311 1569 2373 Gruterus3
1602 2326 1773 2375 neque
1804 2311 1929 2361 Exc.
1954 2313 2096 2376 Epit.
2117 2311 2267 2361 Bonf.
2292 2327 2360 2362 ea

286 2393 499 2457 habent,
531 2392 671 2443 unde
695 2395 844 2444 uncis
865 2395 1069 2445 inclusi.
1117 2394 1379 2446 Videntur
1398 2400 1574 2446 autem
1598 2410 1627 2445 e
1648 2397 1753 2460 Mg.
1774 2397 1834 2445 in
1854 2400 2053 2446 textum
2071 2395 2358 2459 irrepsisse.

287 2503 356 2514 -—-
399 2476 491 2524 Ubi
513 2480 666 2526 etiam
690 2493 882 2540 parvae
902 2480 1110 2542 quidem,
1143 2481 1228 2528 sed
1243 2477 1438 2543 plures)
1474 2475 1563 2528 Sic
1584 2477 1719 2530 Pall.
1753 2483 1806 2529 et
1826 2479 1935 2545 Mg.
1966 2479 2084 2530 Par.
2117 2479 2189 2528 ibi
2210 2482 2369 2528 etiam

282 2573 494 2624 parvae,
535 2561 620 2608 sed
651 2564 820 2622 plures
859 2562 1031 2627 vulgo.
1068 2589 1134 2598 —
1179 2563 1242 2612 In
1281 2562 1512 2628 Scandza
1535 2585 1601 2596 —
1619 2561 1943 2613 Ptolemaeus.
2012 2562 2183 2624 Apum
2201 2562 2274 2610 ibn·
2292 2589 2365 2600 —

288 2639 547 2706 reperitur)
581 2642 802 2694 Invertit
833 2644 919 2694 hic
952 2672 1020 2684 —
1059 2644 1288 2700 et‚haud
1320 2645 1427 2694 scio
1468 2659 1538 2694 an
1570 2645 1687 2694 iure
1715 2671 1783 2680 —
1817 2645 2049 2696 ordinem
2090 2645 2368 2696 verborum

285 2723 717 2790 Lindenbrogius,
765 2727 840 2776 ita
874 2731 933 2776 ut
967 2728 1313 2778 elocutionem
1330 2764 1344 2791 ‚
1381 2728 1529 2778 euius
1559 2727 1769 2776 initium
1802 2729 1968 2791 Apum
2003 2731 2075 2779 ibt·
2108 2734 2209 2780 cet.
2240 2734 2367 2780 ante

285 2807 381 2856 illa
394 2811 458 2857 In
477 2809 706 2858 Soandza
723 2814 824 2859 cet.
843 2809 1135 2860 collocaret.
1172 2840 1233 2850 --
1269 2815 1453 2873 septem
1474 2814 1685 2860 nomina
1700 2838 1768 2849 —
1786 2817 2013 2862 meminit
2030 2814 2367 2876 Ptolemaeus)

289 2889 408 2954 Sex,
444 2907 549 2940 non
582 2897 781 2956 septem
813 2899 1048 2942 recenset
1079 2893 1423 2958 Ptolemaeus,
1461 2895 1551 2958 qui
1582 2911 1723 2946 nunc
1756 2901 1867 2947 est:
1913 2894 2263 2959 Κατέχουσιν
2292 2923 2367 2934 --

286 2974 455 3037 inquit
485 2974 549 3022 L.
569 2974 640 3024 11.
675 2991 721 3027 c.
746 2977 827 3038 11,
853 2975 918 3023 35
953 3001 1020 3012 —-
1055 2969 1226 3042 ἀυτῆς
1253 2973 1581 3037 (Σκανδίας)
1611 2971 1681 3028 τοὶ
1708 2976 1811 3046 μὲν
1847 2972 2041 3032 δυτικά
2060 2975 2367 3043 Kandaroi,

286 3049 356 3107 τοὶ
395 3049 447 3106 δ’
485 3051 776 3107 (immitunt
815 3051 1064 3109 Φαυόιάι
1101 3059 1192 3110 καὶ
1229 3061 1486 3130 Φιρᾶισοι
1505 3096 1521 3120 ,
1558 3055 1627 3110 τοὶ
1681 3059 1744 3111 δὲ
1778 3055 2123 3132 μεσημβρινοὶ
2156 3063 2369 3113 rocem

287 3139 377 3189 καὶ
397 3139 720 3199 Λαυκίωνες,
739 3134 808 3190 to?
828 3136 890 3190 δὲ
909 3143 1056 3207 μέσα
1073 3143 1338 3194 Λευῶνοι.
1384 3171 1453 3180 -
1497 3149 1681 3207 septem
1708 3149 1905 3194 tantum
1932 3158 2105 3194 eanum
2129 3143 2363 3210 nomina)

287 3220 376 3273 Sic
408 3238 502 3286 pro
536 3222 676 3288 vulg.
712 3229 881 3274 tamen
913 3225 1021 3291 Mg.
1045 3226 1162 3275 Par.
1198 3241 1318 3276 cum
1338 3225 1472 3278 Rod.
1505 3233 1829 3290 permutatur
1853 3231 2029 3278 autem
2062 3227 2367 3290 saepissime

286 3311 508 3369 utraque
537 3307 819 3372 particula,
866 3313 926 3358 ut
957 3307 1244 3372 docebunt,
1296 3310 1387 3374 qui
1416 3309 1698 3362 laudantur
1740 3327 1773 3360 a
1806 3308 2007 3362 Kritzio
2055 3309 2123 3358 ad
2169 3309 2363 3361 Vellei.

285 3388 358 3452 Π,
391 3391 475 3452 28,
508 3387 560 3440 4.
595 3417 661 3426 -—-
693 3406 935 3454 nuquam
967 3393 1230 3459 repes-incr)
1263 3394 1350 3444 Ita
1381 3409 1477 3458 pro
1510 3407 1765 3456 nunquam
1796 3393 1929 3446 Pall.
1963 3393 2069 3459 ΜΒ.
2093 3394 2213 3443 Par.
2236 3394 2365 3444 Fre-

287 3470 462 3536 culph.
497 3470 629 3522 Rod.
674 3503 742 3513 —
784 3492 900 3540 yem
931 3476 1114 3538 Adoyit
1149 3475 1391 3542 consistit)
1438 3477 1503 3526 In
1548 3477 1684 3526 hanc
1717 3475 1995 3526 lectionem
2028 3477 2364 3530 consentiunt

200 3539 207 3554 ⁸
286 3567 394 3602 non
425 3553 548 3606 libri
579 3561 778 3610 tantum
809 3560 989 3624 scripti
1023 3574 1198 3610 omnes
1231 3564 1439 3623 praeter
1472 3559 1648 3610 Ambr.
1695 3561 1755 3610 in
1802 3573 1906 3623 quo
1939 3561 2117 3623 Adeyit
2149 3561 2362 3626 legitur,

289 3635 382 3686 sed
415 3639 570 3689 etiam
603 3643 693 3707 qui
729 3645 1111 3708 exscripserunt
1143 3647 1393 3706 nostrum,
1427 3643 1533 3694 nisi
1556 3643 1694 3709 quod
1714 3643 2037 3708 Freculphus
2060 3643 2365 3694 disiunctim
