2567 4084
1197 127 1473 196 ‘a4.

310 308 628 396 longeque
671 308 755 375 ab
801 309 1084 375 exercitu
1125 328 1244 374 suo
1287 308 1539 393 fugatas
1580 308 1649 374 in
1690 308 2119 395 solitudinem,
2164 311 2385 396 coegit

312 426 540 475 errare.
627 408 808 494 Quas
863 405 1125 494 spiritus
1179 407 1493 475 immundi
1552 427 1669 494 per
1728 428 2009 475 eremum
2062 415 2383 495 vagantes

311 508 464 574 dum
505 507 850 590 vidissent,
909 512 974 573 et
1015 514 1234 575 earum
1289 526 1358 573 se
1402 506 1843 593 complexibus
1884 510 1953 573 in
1994 510 2169 575 coitu
2209 509 2383 574 mis-

311 606 591 673 cuissent
607 656 624 691 ,
697 627 900 691 genus
955 607 1082 673 hoc
1135 605 1601 673 ferocissimum
1664 607 1918 675 edidere
1936 656 1954 690 ‚
2024 607 2197 695 quod
2252 606 2384 673 fuit

308 707 588 793 primum
641 707 808 773 inter
861 704 1135 792 paludes
1150 754 1168 789 ‚
1227 705 1545 772 minutum
1562 756 1580 790 ‚
1644 710 1877 771 tetrum
1934 712 2129 793 atque
2186 706 2383 790 exile,

311 806 496 893 quasi
537 806 868 871 hominum
908 823 1144 889 genuS,
1186 824 1309 870 nec
1352 804 1476 870 alia
1518 824 1680 872 voce
1722 815 1975 890 notum,
2031 806 2155 873 nisi
2200 804 2385 891 quod

307 905 574 971 humani
599 905 908 971 sermonis
937 906 1278 989 imaginem
1312 904 1699 989 assignabat.
1788 905 1931 969 Tali
1976 923 2127 988 ergo
2154 904 2391 969 Hunni

311 1004 510 1090 stirpe
539 1007 755 1089 creati,
800 1005 1162 1075 Gothorum
1186 1003 1425 1071 finibus
1452 1004 1791 1069 advenere.
1868 1002 2159 1088 Quorum
2199 1004 2387 1069 natio

313 1123 509 1170 saeva
527 1153 546 1187 ‚
591 1110 664 1169 ut
703 1105 962 1185 Priscus
1003 1104 1342 1170 historicus
1386 1104 1609 1180 refert,
1659 1102 1730 1168 in
1770 1102 2095 1169 Maeotida
2136 1102 2383 1190 palude

310 1202 674 1269 ulteriorem
739 1205 946 1289 ripam
1013 1203 1251 1269 insedit
1271 1251 1290 1286 ‚
1351 1202 1690 1268 venatione
1745 1206 1990 1267 tantum
2067 1221 2187 1267 nec
2244 1202 2381 1267 alio

307 1301 530 1368 labore
573 1308 858 1389 experta,
901 1303 1028 1367 nisi
1070 1302 1264 1389 quod,
1316 1306 1659 1388 postquam
1703 1300 2006 1367 crevisset
2048 1302 2117 1367 in
2155 1322 2383 1389 popu-

295 1400 416 1467 los'
430 1449 449 1485 ‚
516 1400 850 1466 fraudibus
916 1404 982 1465 et
1041 1401 1284 1488 rapinis
1341 1399 1695 1465 vicinarum
1750 1400 2037 1484 gentium
2098 1402 2385 1488 quietem
2443 1395 2448 1399 ’

441 1640 498 1685 in
529 1637 861 1697 solitudinem,
895 1638 1050 1699 coeyit
1079 1632 1262 1701 enare)
1300 1634 1385 1685 Ita
1416 1634 1549 1687 Pan.
1584 1650 1703 1685 cum
1725 1634 1891 1701 Sigib.
1916 1633 2123 1687 Gembl.
2159 1642 2213 1688 et
2232 1636 2382 1701 Epit.

309 1718 528 1769 eandem
571 1719 850 1769 lectionem
893 1718 1070 1769 Ambr.
1115 1719 1222 1785 Mg.
1270 1719 1390 1770 Par.
1432 1719 1573 1769 Hist.
1621 1720 1769 1771 Misc.
1820 1724 1875 1769 et
1906 1719 2119 1771 Person.
2163 1722 2377 1786 sistunt,

305 1802 411 1852 nisi
443 1801 582 1868 quod
611 1805 668 1851 in
701 1803 966 1852 solitudine
997 1802 1208 1865 habent,
1247 1802 1386 1867 quod
1421 1808 1475 1853 et
1506 1801 1923 1869 Lindenbrogius
1954 1803 2013 1852 in
2046 1802 2127 1853 ed.
2160 1819 2261 1855 sua
2294 1820 2386 1856 ex-

305 1885 483 1948 hibet;
515 1886 656 1951 vulg.
692 1888 750 1935 in
780 1886 1116 1936 solitudinem-
1133 1886 1285 1949 coe'qit
1320 1891 1493 1936 terrae.
1528 1912 1597 1925 --
1640 1890 1845 1950 spiritus
1878 1884 2151 1953 immundi)
2196 1886 2383 1952 Expli-

308 1968 463 2018 candi
498 1970 669 2034 gratia
696 1973 878 2018 auctor
911 1968 1111 2021 Histor.
1149 1968 1222 2018 M.
1260 1966 1407 2018 addit
1438 1970 1679 2020 silvestres
1710 1973 1955 2033 homines,
1997 1981 2115 2032 quos
2146 1973 2387 2020 nonnulle·

304 2054 504 2101 Faunos
535 2056 746 2102 vicarios
778 2049 878 2117 (sic
909 2051 1205 2117 legendum,
1240 2066 1364 2117 non,
1396 2057 1457 2102 ut
1478 2053 1655 2120 vulgo,
1689 2051 1969 2119 Phicarios)
1992 2058 2173 2104 vocant
2186 2071 2202 2104 ε
2241 2066 2381 2117 quae

305 2136 470 2185 verba
500 2134 816 2186 induxerunt
847 2149 962 2200 eos,
1008 2136 1098 2200 qui
1130 2140 1363 2187 nostrum
1408 2150 1524 2187 cum
1556 2136 1753 2187 Histor.
1789 2136 1863 2187 M.
1910 2149 2039 2201 prae
2080 2136 2245 2187 oculis
2288 2136 2382 2185 ha-

307 2217 562 2280 buerunt,
614 2220 878 2268 auctorem
918 2218 1033 2267 dico
1076 2218 1381 2284 Excerptor.
1421 2216 1585 2285 Sigib.
1634 2218 1835 2271 Gembl.
1882 2220 2124 2270 Vincent.
2170 2218 2381 2271 Benov.

235 2312 244 2323 ·
306 2299 520 2351 Person.
552 2298 606 2351 S.
643 2300 833 2353 Anton.
872 2302 1026 2364 alios,
1071 2307 1131 2352 ut
1160 2303 1676 2366 interpretamentum
1717 2302 1853 2354 illud
1885 2304 2051 2355 nostri
2081 2302 2258 2353 verbis
2296 2303 2379 2352 in-

305 2388 543 2435 texerent
555 2400 571 2447 ;
615 2385 754 2449 quod
796 2402 1006 2438 monere
1047 2386 1449 2454 supersedissem
1462 2425 1477 2453 ‚
1519 2386 1624 2437 nisi
1667 2390 1722 2436 et
1752 2385 2173 2457 Lindenbrogius
2215 2386 2380 2436 verba

303 2469 402 2520 illa
431 2473 679 2535 tanquam
709 2469 947 2521 Iordanis
991 2484 1118 2521 suae
1161 2471 1479 2523 inseruisset.
1550 2472 1826 2521 Praeterea
1868 2478 1989 2535 post
2029 2474 2235 2533 spiritus
2276 2474 2380 2519 im-

305 2554 521 2603 mundos
553 2554 810 2605 adiectam
841 2568 956 2605 esse
987 2570 1168 2605 vocem
1188 2556 1389 2619 Satyron
1420 2554 1479 2604 in
1511 2558 1718 2605 vetusto
1752 2552 1864 2604 cod.
1891 2570 1983 2605 ms.
2010 2553 2248 2605 Iordanis
2267 2554 2382 2605 'Va-

305 2638 469 2687 tican.
502 2637 742 2687 biblioth.
777 2638 854 2688 ait
883 2638 1170 2688 Desiricius
1217 2637 1284 2688 de
1315 2636 1430 2687 init.
1466 2642 1520 2687 et
1550 2637 1788 2691 maiorib.
1826 2636 2065 2701 Hungar.
2103 2642 2377 2688 comment.

314 2720 378 2771 Τ.
395 2720 440 2770 Ι.
469 2721 532 2771 1...
551 2720 596 2773 1.
624 2736 668 2772 c.
690 2724 736 2774 1.
755 2736 808 2785 p.
830 2723 878 2771 3.
897 2732 950 2771 n.
969 2738 1019 2771 n.
1061 2750 1120 2761 —
1154 2724 1288 2771 inter
1314 2717 1546 2785 paludes)
1581 2718 1829 2769 Additum
1859 2718 2055 2785 legitur
2082 2720 2141 2769 in
2172 2720 2378 2770 Histor.

307 2802 383 2851 M,
417 2802 547 2853 Exc.
596 2808 650 2854 et
689 2804 832 2869 apud
864 2802 1030 2870 Sigib.
1067 2804 1271 2857 Gembl.
1306 2804 1591 2867 Maeotida,
1637 2801 1775 2867 quod
1817 2803 2018 2866 recepit
2050 2801 2381 2853 Lindenbro-

304 2885 444 2952 gius.
478 2912 546 2924 —-
580 2891 722 2949 quasi
753 2890 1012 2937 hominum
1043 2888 1214 2953 yenue)
1247 2887 1665 2953 Lindenbrogius
1696 2890 1836 2949 quast·
1867 2889 2195 2937 &ahumanum
2219 2902 2371 2949 ymno·

305 2970 367 3019 in
407 2982 506 3020 sua
549 2968 784 3035 exhibet,
836 2975 1044 3022 secutus
1083 2972 1198 3021 sine
1241 2970 1404 3023 dubio
1446 2970 1714 3021 Historiae
1753 2970 1825 3020 M.
1868 2969 2109 3035 vulgatas
2154 2968 2270 3021 edd.
2316 2974 2379 3021 at

309 3052 541 3105 eiusdem
585 3052 695 3103 cod.
742 3054 854 3105 Pal.
900 3059 955 3106 et
1001 3056 1117 3121 ipse
1159 3059 1302 3119 quasi
1349 3057 1604 3105 homimem
1650 3068 1824 3117 yemis,
1890 3067 1997 3103 non
2040 3055 2377 3103 inhumanum

306 3138 551 3204 praefert.
585 3164 655 3177 ·—
703 3140 804 3188 nisi
835 3141 990 3207 quod)
1034 3139 1124 3193 Sic
1164 3154 1260 3206 pro
1304 3138 1447 3206 vulg.
1496 3140 1599 3187 niet
1640 3152 1765 3201 quote
1795 3136 1929 3186 Pan.
1963 3137 2140 3189 Ambr.
2174 3136 2377 3189 Hister.

307 3220 382 3272 M.
415 3220 547 3272 Bod.
570 3220 700 3274 Em.
721 3222 885 3290 Sigib.
912 3224 1174 3275 exhibent.
1207 3250 1271 3263 -
1307 3227 1365 3273 in
1394 3222 1656 3272 Maeotida
1681 3221 1895 3285 palude)
1928 3220 2078 3271 Haec
2110 3224 2191 3271 est
2218 3219 2387 3271 lectio

310 3303 427 3355 cdd.
448 3320 528 3369 pr.
566 3320 722 3369 quam
753 3304 1026 3357 restituere
1053 3321 1161 3357 non
1195 3305 1433 3358 dubitavi
1446 3323 1463 3355 ι
1494 3320 1616 3355 nam
1646 3318 1751 3355 vox
1770 3304 2031 3353 Maeotida
2052 3302 2385 3354 substantive

309 3384 400 3437 hio
431 3392 512 3438 est
543 3388 849 3453 accipienda
890 3393 953 3440 ut
984 3364 1029 3439 ὃ.
1064 3390 1148 3439 39.
1193 3406 1301 3441 non
1333 3389 1617 3453 adiective,
1662 3392 1723 3439 ut
1754 3385 2068 3438 vocabulum
2095 3390 2251 3451 palus
2284 3399 2385 3451 ap-

310 3470 502 3536 positio
535 3472 632 3535 sit3
669 3473 808 3539 quod
838 3474 996 3540 vulgo
1029 3472 1222 3539 legitur
1251 3473 1516 3538 Maeotide,
1557 3486 1593 3521 a
1622 3468 1944 3521 Leunclavio
1979 3474 2073 3521 est.
2109 3496 2175 3508 -
2206 3472 2263 3519 in
2283 3482 2385 3533 po-

311 3553 478 3620 pulos)
513 3554 612 3606 Ed.
649 3570 728 3621 pr.
762 3562 819 3608 in
845 3562 1045 3623 populis
1051 3578 1072 3621 ;
1105 3554 1401 3609 emendavit
1432 3555 1729 3607 Bhenanus.
1753 3582 1822 3593 —-
1841 3557 2126 3605 vicinarum
2156 3555 2385 3616 yentt‘um

312 3638 521 3704 quaeum
555 3640 890 3705 comm-bavit)
923 3643 1008 3693 Ita
1039 3638 1173 3692 Pau}
1207 3654 1327 3691 cum
1342 3639 1471 3693 Exo.
1504 3644 1556 3691 ct
1591 3638 1723 3693 Rod.
1768 3638 1873 3689 nisi
1894 3707 1897 3708 γ
1918 3636 2059 3702 quod
2102 3636 2191 3687 hio
2233 3649 2377 3686 eom—
