2567 4084
1302 184 1422 249 196

325 365 718 453 Pannoniae,
760 364 1036 455 indeque
1064 362 1482 433 Venetiarum
1523 365 1682 431 fines
1709 364 2054 451 ingressuS,
2098 365 2183 433 ad
2210 364 2394 435 Pon-

325 472 458 534 tem
488 464 695 531 Sontii
724 468 1162 549 nuncupatum
1192 468 1671 533 castrametatus
1716 462 1836 530 est]
1918 464 2258 551 Quumque
2296 462 2394 529 ibi

325 552 413 633 ad
452 564 794 633 reficienda
834 583 1102 650 corpora
1132 563 1462 629 hominum
1489 564 2038 652 iumentorumque
2067 564 2392 651 aliquanto

323 672 612 753 tempore
655 664 1017 743 resedisset,
1061 662 1357 729 Odoacer
1384 669 1696 731 armatum
1736 669 1955 730 contra
1985 683 2131 741 eum
2161 662 2396 729 direxit

321 767 695 832 exercitum.
786 764 993 848 Quem
1033 761 1143 827 ille
1186 761 1270 828 ad
1314 782 1573 851 campos
1603 761 2010 832 Veronenses
2055 782 2393 829 occurrens

324 886 561 951 magna
604 870 815 949 strage
870 862 1142 945 delevit,
1201 861 1554 949 castrisque
1609 863 1835 930 solutis
1889 862 2123 931 finibus
2166 862 2394 929 Italiae

324 984 472 1042 cum
512 964 761 1051 potiore
805 960 1074 1027 audacia
1114 961 1327 1045 intrat,
1371 964 1820 1055 transactoque
1853 961 2034 1027 Pado
2077 980 2264 1027 amne
2307 960 2395 1027 ad

324 1064 701 1130 Ravennam
718 1109 737 1146 ,
797 1061 1039 1145 regiam
1081 1060 1306 1125 urbem
1324 1110 1341 1143 ,
1403 1065 1609 1126 castra
1651 1060 1974 1149 componit
2015 1061 2203 1126 tertio
2261 1058 2394 1126 fere

294 1161 620 1229 ,milliario
680 1159 762 1226 ab
824 1160 984 1226 urbe
1040 1159 1220 1245 locO,
1281 1158 1391 1243 qui
1449 1158 1809 1245 appellatur
1861 1159 2109 1226 Pineta.
2199 1157 2394 1243 Quod

325 1268 593 1327 cernens
637 1260 963 1344 odoacer,
1020 1260 1193 1324 intus
1248 1278 1317 1322 se
1359 1258 1427 1323 in
1469 1257 1630 1324 urbe
1675 1260 2053 1343 communit3
2115 1258 2392 1344 indeque

324 1360 698 1467 subreptive
739 1364 933 1426 noctu
975 1358 1338 1444 frequenter
1382 1377 1525 1422 cum
1569 1356 1700 1423 suis
1740 1357 2092 1451 egredienS,
2139 1356 2392 1423 Gotho-

323 1460 467 1524 rum
514 1458 860 1524 exercitum
902 1457 1245 1543 inquietat,
1294 1461 1358 1523 et
1398 1456 1522 1521 hoc
1563 1474 1695 1522 non
1737 1456 1932 1523 semel
1972 1477 2090 1523 nec
2130 1458 2390 1545 iterum,

324 1558 443 1624 sed
501 1558 862 1645 frequenter
931 1562 994 1622 et
1061 1576 1267 1644 paene
1326 1554 1583 1621 molitur
1651 1559 1787 1621 toto
1841 1556 2137 1625 triennio.
2259 1556 2395 1625 Sed

323 1656 558 1723 frustra
600 1656 871 1736 laborat,
914 1658 1066 1742 quia
1108 1661 1338 1722 cuncta
1377 1654 1565 1721 Italia
1598 1655 1924 1721 dominum
1964 1656 2094 1721 iam
2137 1656 2395 1723 dicebat

322 1756 823 1841 Theodericum,
886 1761 949 1823 et
990 1757 1161 1825 illius
1205 1757 1290 1822 ad
1331 1760 1557 1821 nutum
1598 1775 1699 1822 res
1741 1755 1853 1821 illa
1893 1755 2153 1843 publica
2198 1758 2392 1823 obse-

324 1855 667 1922 cundabat.
698 1938 703 1943 p
755 1857 1033 1923 Tantum
1076 1857 1183 1922 ille
1228 1856 1402 1922 solus
1447 1876 1592 1921 cum
1633 1855 1856 1941 paucis
1899 1854 2285 1923 satellitibus
2327 1861 2394 1923 et

327 1956 673 2035 Romanis,
732 1958 842 2042 qui
884 1957 1180 2039 aderant,
1238 1962 1302 2022 et
1343 1956 1510 2024 fame
1569 1960 1634 2023 et
1674 1954 1844 2021 bello
1891 1953 2178 2041 quotidie
2219 1956 2394 2042 intra

320 2057 699 2137 Ravennam
728 2054 1114 2129 laborabat„
1173 2055 1368 2140 Quod
1411 2055 1564 2122 dum
1601 2054 1764 2119 nihil
1789 2051 2148 2140 proficeret,
2193 2056 2391 2122 missa

320 2154 640 2237 legatione
694 2154 950 2219 veniam
1006 2153 1345 2239 supplicat.
1433 2152 1555 2219 Cui
1609 2156 1673 2218 et
1712 2152 1988 2239 primum
2032 2154 2390 2222 concedens

322 2251 795 2330 Theodericus,
860 2252 1275 2339 postmodum
1333 2251 1454 2318 hac
1495 2252 1637 2317 luce
1677 2251 1995 2337 privavit,
2051 2254 2388 2341 tertioque,

324 2353 401 2416 ut
447 2349 725 2415 diximus
743 2399 762 2436 ,
817 2371 983 2419 anno
1026 2352 1352 2439 ingressus
1403 2352 1472 2417 in
1511 2350 1766 2417 Italiam
1807 2352 2068 2418 Zenone
2109 2353 2390 2441 impera-

316 2510 599 2577 legendum
629 2496 874 2575 proponit
910 2527 1002 2574 per
1033 2512 1275 2561 Sirmium
1314 2512 1530 2561 ascendii
1561 2510 1712 2575 Alpes
1755 2515 1946 2563 vicinae
1977 2512 2283 2577 Pannoniae.
2318 2543 2389 2553 —

318 2595 393 2643 ad
424 2592 632 2643 Pontem
663 2592 847 2661 Sentii)
894 2592 983 2645 Sic
1024 2592 1201 2645 Ambr.
1248 2609 1365 2644 cum
1405 2594 1685 2659 Freculph.
1731 2595 1836 2647 nisi
1882 2594 2021 2661 quod
2052 2590 2218 2646 Soneii
2264 2598 2387 2648 ffle·
2369 2634 2388 2663 ‚

322 2674 496 2726 Sentio
542 2676 651 2727 ed.
659 2691 735 2740 pr.
784 2683 839 2727 et
871 2676 1013 2741 Epit.
1062 2678 1167 2728 nisi
1212 2678 1352 2742 quod
1384 2678 1560 2729 Soncio
1606 2676 1768 2740 haec;
1817 2678 1884 2727 ad
1921 2684 2126 2741 pontem
2158 2680 2388 2729 Sentium

322 2758 465 2823 quod
494 2758 651 2823 vulgo
683 2759 890 2824 legitur,
926 2765 1005 2811 est
1038 2776 1071 2810 a
1105 2760 1376 2811 Rhene-nc.
1403 2788 1467 2797 —
1497 2759 1765 2827 resedisset)
1799 2759 1899 2810 Ed.
1933 2761 2056 2813 Par.
2079 2764 2382 2817 comedisset.

321 2866 391 2878 —
404 2840 828 2907 finibus—intrat)
850 2842 935 2891 Ita.
954 2843 1086 2893 Pau.
1112 2848 1165 2893 et
1188 2843 1303 2895 edd.
1330 2860 1406 2908 pr.
1433 2842 1584 2893 so1ito
1605 2843 1818 2895 Iordani
1838 2858 1980 2895 more
2005 2842 2074 2909 (v.
2101 2843 2171 2894 ad
2191 2862 2235 2895 c.
2257 2844 2381 2914 20.)‚

320 2920 470 2988 Epit.
502 2927 678 2973 autem
710 2938 827 2974 cum
860 2922 974 2974 edd.
1009 2924 1127 2974 Par.
1160 2925 1445 2977 Lindenbr.
1484 2924 1683 2977 Gar-etii
1713 2930 1834 2991 fines
1846 2962 1864 2988 ‚
1911 2942 1978 2977 ex
2021 2942 2126 2991 qua
2159 2926 2386 2980 lectione

320 3011 504 3057 exorta
536 3004 744 3057 videtur
776 3020 1047 3073 operarum
1078 3008 1207 3059 vitio
1237 3008 1396 3059 lectio
1429 3010 1570 3075 vulg.
1604 3011 1721 3073 fine,
1763 3024 1896 3074 quae
1927 3010 2151 3073 primum
2184 3013 2386 3077 conspi-

319 3088 458 3139 citur
488 3088 547 3139 in
580 3088 661 3139 ed.
685 3088 903 3139 Vulcan.
934 3120 993 3129 -
1029 3106 1142 3140 cum
1168 3094 1364 3154 potiore
1395 3090 1636 3155 audacia)
1671 3092 1754 3141 An
1779 3096 2123 3158 promptiore?
2155 3098 2216 3151 ut
2239 3092 2380 3143 Gurt.

318 3170 469 3236 vm,
506 3174 588 3237 11,
623 3174 705 3222 11.
738 3175 818 3221 vir
848 3174 1091 3224 audaciae
1116 3180 1383 3239 promptae
1415 3174 1486 3224 id.
1519 3174 1615 3240 IX,
1651 3176 1702 3241 6,
1739 3176 1820 3225 10.
1866 3181 2128 3241 promptae
2170 3192 2270 3227 cese
2315 3178 2384 3227 ad

318 3266 467 3305 mnne
499 3256 763 3305 discrimen
793 3257 1050 3310 audaciae.
1084 3282 1153 3295 -
1196 3256 1483 3323 communit)
1529 3258 1685 3309 Hanc
1716 3260 1959 3309 revocavi
1995 3258 2275 3311 lectionem
2317 3274 2383 3309 ex

318 3337 406 3391 ed.
432 3352 514 3402 pr.
550 3340 1003 3405 comprobantibus
1023 3339 1157 3395 Pan.
1189 3342 1334 3407 vulg.
1369 3346 1693 3393 communivit
1725 3342 2039 3408 conspicitur
2067 3343 2293 3407 primum
2326 3342 2382 3391 in

317 3418 403 3470 ed.
436 3420 655 3475 Leuncl.
691 3448 760 3460 -
792 3423 863 3471 ad
893 3421 1091 3489 nutum)
1124 3422 1210 3473 Ita
1241 3423 1372 3474 Pan.
1408 3440 1524 3476 cum
1557 3426 1637 3478 ed.
1661 3425 1781 3481 Par.
1815 3428 1884 3475 ad
1913 3430 2086 3475 votum
2117 3426 2294 3491 vngO.
2311 3414 2381 3463 ⁴..-

323 3500 565 3567 Tantum)
600 3502 741 3567 Quid
770 3506 820 3555 ei
849 3507 1052 3555 tandem
1084 3506 1267 3573 legas?
1297 3538 1355 3546 —
1392 3510 1544 3573 colus)
1578 3509 1684 3575 Mg.
1722 3510 1840 3560 Par.
1870 3512 2005 3574 plu-3.
2031 3534 2094 3545 -—
2126 3510 2221 3558 hac
2251 3506 2380 3575 luce)

319 3580 471 3633 Haec
499 3585 657 3636 lectio
691 3601 726 3637 a.
756 3586 1009 3639 Rhenano
1044 3594 1150 3641 est.
1198 3606 1320 3639 nam
1363 3592 1421 3641 in
1453 3592 1532 3643 ed.
1567 3608 1645 3659 pr.
1691 3594 1756 3661 ⁰⁶.
1797 3594 1890 3642 hac
1923 3596 2028 3643 luce
2067 3592 2275 3657 legitur.
2313 3621 2384 3631 —-

317 3674 454 3716 anno
486 3660 749 3738 ὅποι-εοεαε)
782 3670 961 3728 Ambr.
995 3678 1049 3724 et
1080 3672 1358 3739 Freculph.
1390 3674 1472 3726 eui
1501 3674 1716 3728 addunt.
1752 3705 1818 3716 —
1855 3680 2052 3728 Zenone
2081 3679 2386 3744 imperatore
