2567 4084
1156 118 1163 125 ⁸
1204 128 1326 193 197

228 298 368 375 tore
413 308 702 375 consulto
743 309 1064 395 privatum
1102 308 1398 374 habitum
1442 330 1719 397 suaeque
1754 312 1962 395 gentis
1988 307 2292 379 vestitum

229 428 580 497 seponens,
642 410 890 493 insigne
939 408 1101 494 regii
1156 410 1461 493 amictuS,
1520 409 1702 495 quasi
1758 408 1886 475 iam
1933 410 2291 477 Gothorum

225 508 786 594 Romanorumque
839 513 1172 593 regnator,
1245 509 1513 575 assumit
1566 508 1864 594 (LVIII.)
1881 558 1899 593 ,
1970 511 2291 597 missaque

223 605 544 689 legatione
585 604 668 671 ad
711 606 984 688 Lodoin‚
1028 606 1416 675 Francorum
1456 626 1693 691 regem,
1737 608 1931 675 filiam
1976 609 2111 674 eius
2147 612 2291 675 Au·-

225 704 541 770 defledam
613 704 738 769 sibi
805 704 873 768 in
927 706 1325 773 matrimonio
1395 705 1569 792 petit.
1670 706 1878 791 Quam
1946 708 2055 773 ille
2108 714 2289 793 grate

226 803 628 890 libenterque
669 803 1000 886 concessit,
1045 822 1196 871 suos
1237 805 1403 871 filios
1450 804 1897 871 Celdcbertum'
1942 811 2003 871 et
2044 806 2291 872 Helde-
2340 858 2350 863 -

225 903 480 967 bertum
549 906 611 966 et
682 899 1192 968 Thuidebertum
1259 902 1523 969 credens
1587 904 1711 970 hac
1776 904 2083 971 societate·
2142 924 2289 971 cum

197 1006 416 1085 ,gente
471 1000 822 1067 Gothorum
877 999 1034 1064 inito
1091 1001 1347 1067 foedere
1403 1002 1651 1069 sociari.
1752 1002 1882 1069 Sed
1936 1022 2069 1067 non
2124 1002 2287 1070 adeo
2368 1013 2386 1033 ‘

224 1100 424 1187 pacis
449 1100 532 1165 ad
575 1100 975 1171 concordiam
1016 1099 1256 1185 profuit
1297 1096 1420 1166 is'ta
1448 1102 1832 1185 coniunctio,
1878 1102 2028 1186 quia
2054 1122 2289 1188 saepe,-

223 1218 489 1265 numero
545 1204 806 1285 propter
825 1198 1180 1265 -Gallorum
1234 1204 1437 1265 terras
1489 1200 1771 1283 graviter
1824 1199 1991 1263 inter
2044 1220 2115 1264 se
2172 1200 2289 1266 de-

224 1386 468 1442 tto-multo)
514 1382 602 1435 Sic
633 1382 808 1433 Ambr.
877 1386 1100 1432 consultu
1139 1386 1452 1446 imperatoris
1496 1382 1771 1447 Freculph.
1808 1388 1861 1433 et
1892 1382 2035 1447 Epit.
2072 1409 2139 1419 -
2178 1387 2288 1447 prs·-

221 1470 400 1515 vatum
431 1465 972 1531 habitum—seponens)
1007 1464 1095 1515 Sic
1114 1464 1247 1514 Pall.
1273 1480 1390 1515 cum
1410 1462 1587 1516 Ambr.
1624 1471 1677 1515 et
1709 1464 1789 1517 ed.
1814 1464 1933 1517 Par.
1959 1469 2115 1531 atque
2139 1464 2286 1530 Epit.

217 1549 328 1599 nisi
360 1547 499 1613 quod
529 1548 629 1598 hae
651 1550 884 1611 reponens
915 1562 1011 1612 pro
1045 1562 1295 1611 reponem,
1331 1546 1471 1612 quod
1501 1549 1559 1597 in
1582 1548 1821 1615 deponens
1844 1546 2061 1598 fortasse
2083 1550 2288 1597 mutari-

223 1630 366 1693 dum,
402 1630 656 1695 quomodo
687 1631 879 1695 legitur
913 1629 1054 1695 apud
1075 1622 1351 1693 Freculpli.
1396 1630 1563 1681 Aliter
1592 1645 1717 1681 vero
1749 1630 1880 1680 haec
1914 1636 1975 1680 et·
1988 1635 2288 1695 antegressa

221 1714 470 1779 leguntur
501 1714 662 1764 verba
693 1714 848 1779 vulgo
863 1750 877 1778 ,
912 1717 1212 1777 Zenonisque
1242 1717 1558 1777 imperatoris
1592 1717 1809 1763 comalio
1838 1717 2082 1777 privatim
2118 1714 2288 1763 habito

221 1812 432 1859 suaeque
451 1799 605 1858 yemis
625 1798 855 1845 vestitum
874 1810 1120 1859 reponem.
1143 1816 1210 1832 -—·
1224 1800 1467 1857 missaque
1482 1794 1744 1863 leqatione)
1763 1796 1851 1847 Sic
1868 1796 2069 1847 restitui
2086 1811 2151 1846 ex
2168 1794 2286 1846 edd.

221 1893 362 1945 quae
383 1880 628 1929 Vulcanii
649 1884 1066 1944 praecesserunt:
1101 1878 1146 1929 is
1167 1880 1365 1945 primus
1388 1879 1715 1929 distinctione
1736 1880 1919 1928 maiori
1939 1884 2057 1944 post
2078 1882 2290 1929 assumit

219 1964 397 2027 posita
419 1962 724 2027 abiectaque
757 1978 848 2025 que
881 1961 1082 2026 copula,
1117 1966 1178 2010 ut
1210 1976 1405 2013 novum
1439 1960 1701 2011 commode
1727 1962 2081 2025 auspicaretur
2113 1964 2287 2027 caput,
2373 2005 2376 2007 ,

223 2046 459 2097 ordinem
476 2045 722 2096 orationis
736 2045 1026 2109 interrupit.
1045 2072 1113 2084 -—-
1129 2042 1337 2109 Lodoin)
1360 2042 1448 2094 Sic
1468 2042 1665 2093 Hister.
1686 2047 1891 2108 quoque
1912 2044 2059 2094 Misc.
2084 2044 2287 2095 Luduin

220 2136 398 2177 autem
434 2134 646 2177 vocatur
677 2128 813 2177 idem
838 2126 1124 2181 cassiodor.
1149 2124 1272 2177 Var.
1300 2127 1371 2189 11,
1395 2129 1481 2180 41.
1522 2124 1618 2190 111,
1644 2128 1691 2175 3.
1718 2128 1767 2179 4.
1836 2126 1934 2177 Est
1964 2130 2155 2185 tamen,
2194 2127 2287 2191 qui

220 2210 450 2261 Hludvin
482 2210 568 2260 hic
600 2210 704 2275 legi
725 2212 868 2260 velit.
893 2236 960 2247 --
978 2208 1319 2276 Audefledam)
1353 2210 1577 2259 Multum
1600 2210 1829 2263 variatur
1848 2210 1949 2259 hoc
1980 2211 2036 2259 in
2058 2210 2285 2261 nomine.

217 2288 269 2343 Α
304 2294 535 2357 vulgata,
570 2308 722 2355 quam
757 2298 810 2341 et
843 2309 937 2343 nos
970 2294 1293 2355 retinuimus,
1328 2298 1469 2344 stant
1489 2294 1686 2343 Hister.
1708 2291 1781 2345 Μ.
1819 2299 1871 2345 et
1903 2296 2041 2343 infra
2075 2288 2284 2361 quidem

217 2376 354 2426 Pan.
399 2376 486 2424 hie
525 2390 648 2424 vero
682 2377 1000 2439 Aodefledam
1035 2376 1295 2425 exhibent.
1364 2376 1469 2441 Mg.
1503 2376 1620 2428 Par.
1657 2376 1745 2425 hic
1782 2376 2087 2439 Odelfledam
2128 2376 2283 2441 sistit,

217 2460 358 2510 infra
391 2474 513 2507 vero
535 2457 804 2520 Adelfleda,
839 2456 966 2507 Exc.
989 2460 1333 2523 Αιιᾱοβεάαητ,
1370 2456 1513 2522 Epit.
1548 2460 1601 2508 et
1632 2458 1783 2521 Bont'.
1814 2458 2107 2523 Andefleda3
2144 2458 2287 2507 Ano-
2364 2466 2377 2479 ²

215 2558 380 2607 nymo
403 2540 579 2593 vales.
611 2554 665 2603 Ρ.
691 2539 803 2589 557.
837 2540 1105 2605 Ααροῇεάα
1139 2545 1218 2591 est
1250 2540 1447 2593 eadem.
1473 2568 1541 2579 --
1559 2539 2158 2609 filios-Thaidebenum)
2194 2538 2283 2590 Sic
2367 2521 2373 2535 ’

218 2624 354 2675 Pan.
417 2624 519 2673 nisi
572 2620 712 2687 quod
755 2622 1125 2685 Heldepertum,
1179 2622 1357 2673 Ambr.
1402 2614 1746 2673 Heldebertum
1792 2630 1840 2673 et
1884 2620 2281 2689 Theodebertum',

221 2706 410 2759 omisso
449 2702 748 2765 C'eldeberto,
791 2704 930 2769 quod
962 2702 1104 2755 haud
1138 2706 1244 2756 scio
1277 2722 1347 2756 an
1384 2706 1524 2773 iure,
1570 2722 1728 2772 quum
1760 2723 1911 2759 nemo
1946 2720 2051 2758 non
2084 2708 2281 2773 videat,
2329 2726 2334 2743 ι

224 2788 557 2841 Celdeberrum
601 2791 654 2837 et
687 2788 1028 2837 Heldebertum
1067 2789 1220 2840 unius
1253 2788 1583 2855 eiusdemque
1615 2790 1716 2840 viri
1749 2806 1862 2842 esse
1895 2807 2110 2853 nomen3
2166 2792 2281 2857 Mg'·

215 2872 340 2924 Par.
375 2870 712 2919 Hildebermm
725 2904 739 2932 ,
779 2870 1135 2919 Childebertum
1167 2876 1213 2920 et
1252 2872 1629 2922 Theodebertum
1639 2910 1654 2935 ,
1690 2874 1833 2938 Epit.
1872 2876 2201 2924 Celdebertum
2236 2878 2284 2923 et
2325 2900 2333 2916 ι

216 2952 564 3004 Heldebertum
598 2956 646 3000 et
683 2952 1056 3019 Thudebertum,
1093 2953 1172 3005 ed.
1197 2969 1275 3019 pr.
1300 2956 1579 3019 Idepertum
1614 2963 1661 3006 et
1690 2958 2026 3021 Oeldepertum
2058 2962 2105 3006 et
2132 2958 2281 3005 Thul-

219 3036 492 3099 depertum,
529 3047 629 3097 quo
663 3038 920 3097 postremo
953 3038 1160 3087 nomine
1192 3053 1299 3087 non
1326 3038 1595 3089 immutato
1617 3040 1911 3090 Ildebertum
1945 3052 2035 3105 pro
2060 3041 2279 3102 Ideperto

220 3122 277 3168 et
301 3118 666 3179 Cheldepertum
698 3131 794 3181 pro
820 3120 1098 3181 Celdeperto
1130 3122 1307 3184 posuit
1338 3120 1636 3186 Rhenanus,
1671 3122 2005 3187 sequentibus
2041 3122 2126 3185 qui
2160 3126 2282 3187 post

215 3206 454 3251 nostrum
487 3198 772 3265 ediderunt,
805 3206 1010 3267 praeter
1033 3200 1325 3265 Gruterum,
1361 3204 1451 3268 qui
1471 3202 1605 3253 Pall.
1638 3194 1775 3255 sisti‘t
1794 3204 2083 3266 lectionem,
2120 3218 2281 3267 quan·

219 3298 376 3349 quam
393 3298 431 3346 p
465 3298 558 3347 pro
581 3284 610 3331 ὀ
633 3283 786 3334 litera
817 3285 872 3333 in
888 3284 1186 3335 ‘nominibus
1209 3285 1316 3336 illis
1337 3288 1525 3352 posito,
1562 3291 1615 3337 et
1634 3283 2092 3351 Lindenbrogium,
2128 3286 2279 3339 cuius

217 3360 304 3419 ed.
344 3366 700 3417 childebertum
735 3371 788 3416 et
825 3366 1198 3417 Thaideber'tum
1231 3374 1601 3432 repraesentat.
1636 3398 1703 3407 —
1758 3372 1875 3433 quia
1908 3358 2277 3439 saepenumero)

195 3446 428 3499 ‘Reduxi
465 3448 604 3499 hanc
634 3450 908 3503 lectionem
953 3464 1018 3499 ex
1062 3450 1178 3503 edd.
1212 3450 1581 3515 antiquissimis
1624 3454 2023 3518 astipulantibus
2055 3454 2189 3508 Pall.
2224 3448 2279 3505 et

213 3530 362 3596 Epis.
431 3528 585 3593 Quod
623 3533 782 3598 vulgo
822 3532 1014 3599 legitur
1054 3535 1171 3595 quin
1201 3548 1295 3597 pro
1328 3536 1469 3598 quia,
1518 3540 1781 3600 comparet
1820 3536 2041 3601 primum
2088 3536 2143 3585 in
2190 3531 2273 3585 ed.

109 3626 118 3631 ‘
215 3612 441 3668 Vulcan,
475 3614 802 3667 retinuissem
829 3618 1034 3680 tamen,
1069 3615 1116 3667 si
1149 3616 1233 3666 vel
1265 3628 1401 3667 unus
1432 3617 1567 3669 liber
1598 3616 1876 3669 addiceret.
