2567 4084
1173 162 1254 227 41

169 340 343 428 patri
383 342 702 426 redderet,
771 343 1074 429 quioquid
1118 362 1272 410 vero
1317 343 1571 409 feminei
1616 358 1807 409 sexus
1862 336 2251 435 nasceretur,
2356 342 2363 345 ’

169 446 378 507 mater
421 440 503 506 ad
522 480 530 493 ι
547 460 734 505 arma
755 440 990 511 bellica
1017 442 1327 509 erudit-etz
1362 444 1531 527 siv-e,
1574 448 1647 508 ut
1687 443 2071 529 quibusdam
2096 449 2249 536 pla-

171 546 293 623 oet,
343 540 530 607 editis
571 540 858 609 maribus
899 542 1226 608 novercali
1267 543 1421 608 odio
1455 541 1713 607 infantis
1750 542 2093 610 miserandi
2119 546 2253 611 fata

170 639 580 725 rumpebant.
665 640 776 704 Ita·
807 640 982 725 apud
1023 640 1167 707 illas
1213 641 1589 707 detestabile
1616 642 2059 728 puel-perium²
2092 650 2249 731 erat,
2293 664 2301 670 ’
2335 712 2340 719 ,

172 739 350 827 quod
393 738 640 825 ubique
683 745 932 805 constat
975 741 1116 813 esse
1159 740 1468 805 votivum.
1534 740 1717 825 Quae
1752 734 2094 808 crudelitas
2120 732 2251 810 illis

169 844 484 923 teri-„orem
507 858 812 922 magnum
837 838 1206 905 cumulabat
1227 839 1528 925 opinione
1549 840 1829 925 vulgata.
1874 841 2039 907 Nam
2064 860 2249 929 quae,

166 956 351 1023 rogo,
398 956 544 1023 spes
588 942 756 1003 esset
799 943 1009 1024 capto,
1053 938 1167 1005 ubi
1209 939 1457 1021 ignosci
1500 939 1605 1004 vel
1646 940 1779 1005 filio
1823 940 2000 1007 nefas
2042 941 2247 1009 habe-
2292 1012 2295 1015 ,

167 1037 416 1104 batur?
476 1036 713 1103 Contra
770 1036 917 1120 baa,
973 1043 1045 1103 ut
1098 1030 1329 1121 fertur,-
1389 1038 1723 1123 pugnabat
1777 1040 2087 1107 Hercules
2105 1092 2123 1127 ,
2180 1042 2253 1109 et‘

168 1136 585 1223 Menalippen
627 1137 776 1224 plus
819 1138 1005 1222 dolo,
1065 1158 1256 1225 quam
1312 1136 1553 1202 virtute
1594 1136 1867 1222 subegit.
1926 1140 2249 1207 Theseus

168 1255 326 1301 vero
380 1234 780 1323 Hippolyten
843 1239 910 1303 in
973 1238 1277 1325 praedam
1334 1236 1511 1319 tulit⁷
1578 1234 1663 1300 de
1716 1250 1843 1323 qua
1895 1241 2117 1323 genuit
2180 1244 2247 1324 et

165 1337 617 1423 Hippolytum.
707 1339 848 1404 Hae
891 1350 1146 1425 quoque
1175 1338 1539 1401 Amazones
1581 1342 1728 1421 post
1770 1336 1929 1399 haec
1960 1336 2245 1403 habuere

165 1438 458 1521 reginam
498 1437 754 1503 nomine
796 1437 1301 1519 Penthesileam,
1362 1436 1543 1501 onius
1586 1434 1867 1499 Troiano
1906 1434 2081 1501 bello
2126 1456 2243 1501 ex-

168 1540 342 1602 stant
387 1536 736 1601 clarissima
775 1538 1172 1603 documenta.
1229 1538 1397 1602 Nam
1437 1535 1560 1603 hae
1601 1535 1872 1601 feminae
1912 1553 2116 1622 usque
2158 1536 2243 1602 ad

169 1636 618 1703 Alexandrum
658 1636 963 1722 Magnum
1005 1637 1365 1701 referuntur
1406 1634 1687 1701 tenuisse
1724 1635 2027 1717 regimen.

339 1768 458 1833 IX.
547 1768 676 1835 Sed
736 1789 816 1834 ne
875 1769 1084 1853 dicaS,
1148 1768 1228 1833 de
1270 1767 1429 1833 viris
1474 1768 1833 1834 Gothorum
1875 1787 2084 1836 sermo
2128 1770 2249 1835 ad-

170 1872 464 1955 sumptus
507 1888 620 1933 cur
661 1868 731 1931 in
772 1868 1022 1934 feminis
1065 1868 1313 1933 tamdiu
1356 1871 1743 1954 perseveret,
1787 1868 1940 1932 audi
1982 1872 2045 1933 et
2073 1870 2249 1935 viro-

167 1987 313 2034 rum
353 1967 668 2051 insignem
712 1974 776 2035 et
803 1966 1194 2033 laudabilem
1229 1966 1689 2038 fortitudinem.
1748 1966 1879 2031 Dio
1908 1967 2258 2034 historicus

169 2072 236 2131 et
277 2066 732 2153 antiquitatum
774 2066 1297 2151 diligentissimus
1338 2065 1709 2151 inquisitor,
1756 2066 1867 2151 qui
1909 2066 2089 2152 operi
2132 2088 2255 2134 suo

173 2165 404 2231 Getica
459 2164 716 2231 titulum
781 2166 960 2231 dedit
1021 2164 1214 2253 (quos
1274 2166 1472 2231 Getas
1533 2166 1661 2229 iam
1726 2166 2040 2252 superiori
2103 2167 2259 2232 loco⁴

173 2263 428 2330 Gothos
473 2284 614 2331 esse
655 2264 1107 2351 probavimuS,
1165 2264 1397 2331 Orosio
1439 2264 1645 2329 Paulo
1692 2264 1973 2349 dicente)
2021 2302 2103 2311 —
2143 2263 2251 2331 hic

167 2362 300 2429 Dio
345 2384 558 2448 regem
599 2364 726 2431 illis
769 2372 916 2451 post
959 2371 1249 2451 tempora
1290 2362 1491 2430 multa
1518 2372 1969 2429 commemorat
1994 2350 2259 2433 nomine¹

169 2462 552 2551 Telephum.
636 2464 736 2531 Ne
777 2484 934 2529 vero
979 2465 1122 2551 quis
1167 2464 1340 2529 dicat
1380 2464 1505 2527 hoo
1532 2481 1769 2531 nomen
1796 2483 1835 2529 a
1864 2463 2085 2547 lingua
2114 2463 2253 2529 Go-

1540 2600 1664 2607 ...-—-..

296 2664 580 2730 puynabat)
607 2664 784 2715 Ambr.
809 2680 926 2715 oum
947 2665 1055 2730 Mg.
1092 2664 1208 2713 Par.
1235 2666 1497 2726 puy-navit.
1532 2690 1600 2703 -—-
1634 2664 1977 2729 Menalippen)
2000 2664 2085 2713 Ita
2106 2662 2258 2714 Gru-·

166 2750 312 2796 torus
345 2747 404 2801 in
439 2761 536 2797 sua
559 2746 784 2812 exhibet,
817 2762 1126 2812 quamquam
1155 2749 1377 2797 Manals‘s
1400 2762 1529 2810 pene
1558 2748 1691 2797 Pall.
1716 2748 2047 2813 praeferuntz
2078 2748 2169 2799 sed
2192 2748 2249 2797 in

164 2827 343 2879 Ambr.
356 2830 569 2877 Melania
586 2844 716 2891 pene
735 2830 943 2895 legitur,
967 2832 1025 2882 in
1049 2831 1163 2881 edd.
1179 2834 1397 2881 Melana
1414 2847 1557 2895 pene,
1584 2830 1723 2895 quod
1752 2833 2013 2895 posterius
2042 2832 2113 2881 ad
2146 2832 2251 2881 leo·-

162 2911 363 2960 tionem
391 2912 714 2975 Melanippen
753 2913 916 2975 ducit,
973 2913 1113 2977 quod
1155 2926 1346 2965 nomen
1388 2914 1631 2964 usitatius
1662 2918 1754 2963 -est
1800 2916 2255 2981 etymologiaeque

163 2995 587 3056 convenientium
630 2995 722 3045 sed
767 2996 906 3047 onim
939 3010 1100 3061 quum
1132 2998 1455 3060 Menalippen
1490 2998 1773 3047 exhibeant
1816 3003 1869 3047 et
1907 2997 2141 3049 Iustinus
2174 2996 2247 3062 11,

161 3078 214 3141 4,
249 3078 320 3127 23
351 3082 406 3127 et
437 3078 654 3129 Orosius
687 3078 732 3143 1,
771 3082 849 3130 15.
885 3094 1101 3144 quorum
1123 3080 1431 3129 alterutrum
1453 3080 1690 3130 Iordanis
1722 3078 1777 3129 h.
1814 3082 1852 3135 1.
1887 3082 2135 3147 sequitur,
2166 3094 2247 3131 re·—

161 3164 370 3223 oeptam
392 3176 426 3209 a
449 3160 672 3213 Grutero
695 3164 972 3213 lectionem
1007 3164 1196 3227 etipse
1217 3162 1605 3226 exprimendam
1634 3165 1833 3217 curavi.
1864 3187 1935 3201 -
1966 3159 2261 3213 clarissima*

160 3242 477 3310 documenta)
499 3244 840 3297 Desideratur
857 3246 948 3295 hio
968 3247 1232 3311 genitivus
1253 3246 1447 3295 obiecti
1480 3260 1635 3310 quem
1667 3250 1859 3297 vocant
1882 3250 1935 3295 et
1964 3245 2108 3295 haud
2138 3244 2263 3296 seio·-

157 3341 228 3375 an
261 3326 518 3377 exciderit
543 3330 761 3391 virtum,
808 3344 942 3393 quae
977 3345 1080 3381 vox
1110 3330 1303 3395 legitur
1334 3334 1443 3379 tum
1464 3330 1607 3393 apud
1642 3329 1915 3393 Iustinum,
1956 3333 2067 3379 tum
2105 3327 2261 3392 apud·

160 3410 406 3461 Orosium
438 3412 497 3475 11,
531 3411 586 3462 11.
631 3436 700 3450 -—
730 3410 969 3478 reyimen)
1009 3412 1100 3463 Sio
1135 3428 1230 3477 pro
1259 3412 1404 3478 vulg.
1436 3426 1645 3476 remum
1674 3410 1807 3466 Pan.

295 3494 427 3559 Cap.
462 3496 556 3545 IX.
626 3499 710 3559 qui
735 3501 874 3559 operi
905 3494 1016 3563 suo)
1050 3497 1238 3546 Abieoi
1271 3497 1507 3561 uncinos,
1540 3498 1731 3561 quibus
1765 3499 2037 3549 relativum
2058 3499 2119 3547 in
2140 3511 2249 3549 om·-

155 3578 312 3631 nibus
344 3582 556 3645 praeter
587 3580 794 3633 Gruter.
831 3586 886 3630 et
917 3580 1203 3632 Lindenbr.
1249 3580 1364 3631 edd.
1412 3581 1536 3631 inde
1585 3597 1619 3631 a
1652 3581 1869 3631 Leunol.
1912 3587 1966 3633 et
2002 3582 2121 3633 Par.
2168 3586 2248 3634 est

157 3650 617 3726 oiroumsoriptum.
659 3692 716 3703 —
753 3678 872 3727 quot
885 3690 940 3701 -·
960 3667 1170 3731 dicente)
1194 3664 1345 3715 Haeo
1378 3666 1540 3715 verba
1561 3663 2008 3731 Lindenbroginm
2038 3656 2257 3716 secutus
