2567 4084
1059 208 1066 219 ,
1123 162 1240 229 131

162 351 370 427 regem
389 390 406 419 ,
467 341 592 407 sibi
647 362 786 411 esse
841 348 1176 409 certamen.
1263 342 1451 413 Unde
1494 364 1639 411 eum
1683 344 1894 433 excipi
1935 348 2211 417 libenter

165 446 408 527 optaret
421 490 442 521 ,
501 446 712 507 cetera
768 442 1074 529 epistolae
1137 442 1384 509 usitatis
1440 444 1894 513 salutationum
1951 447 2211 517 blandi-

163 542 388 607 mentis
449 540 824 627 oppleverat
840 590 860 625 ,
923 542 1186 609 studens
1247 542 1439 609 fidem
1502 542 1809 611 adhibere
1852 546 2205 614 mendacio.

159 642 304 707 Pari
348 642 541 707 etiam
584 641 776 707 modo
819 641 904 707 ad
943 660 1160 727 regem
1201 641 1713 728 Vesegotharum
1744 644 2207 715 Theodericum

160 741 374 825 dirigit
415 740 670 827 scripta,
713 740 996 824 hortaris„
1039 747 1180 807 uta
1205 742 1639 811 Romanorum
1664 744 1965 819 societate
1994 747 2207 813 disce-

161 841 354 923 deret,
398 838 830 925 recoleretque
872 840 1135 925 proelia,
1178 860 1343 926 quae
1385 842 1579 928 paulo
1622 832 1771 910 ante
1812 850 2033 911 contra
2062 868 2207 915 eum

157 942 407 1006 fueraut
447 939 762 1004 concitata
803 938 943 1004 sub*
967 940 1162 1005 nimia
1203 941 1469 1007 feritate.
1530 942 1743 1009 Homo
1770 943 2045 1031 subtilis,
2088 968 2203 1013 an·-

157 1044 412 1125 tequam
455 1037 626 1104 bella
667 1042 934 1123 gereret,
979 1044 1112 1104 arte
1156 1039 1507 1125 pugnabat.
1580 1041 1763 1110 Tunc
1805 1042 2233 1111 Valentinia-'

154 1160 272 1205 nus
315 1139 658 1225 imperator
699 1137 781 1202 ad
826 1136 1225 1220 Vesegothas
1270 1158 1613 1226 eorumque
1653 1160 1871 1226 regem
1910 1142 2209 1210 Theode-

153 1238 352 1303 ricum
380 1237 446 1301 in
474 1236 575 1301 his
600 1235 816 1301 verbis
845 1235 1227 1318 legationem
1255 1236 1519 1303 direxit:
1542 1238 1929 1305 Prudentiae
1950 1248 2207 1307 vestrae

155 1342 267 1421 est,
313 1334 640 1400 fortissimi
681 1333 986 1417 gentium,
1031 1334 1339 1401 adversus
1384 1336 1559 1402 orbis
1589 1339 1949 1424 conspirare
1980 1345 2207 1425 tyran-

152 1456 339 1518 num,
402 1434 510 1519 qui
570 1438 748 1519 optat
790 1432 1010 1497 mundi
1051 1434 1345 1517 generale
1388 1434 1624 1503 habere
1669 1438 2034 1522 servitium,
2095 1439 2207 1525 qui

154 1554 378 1601 causas
419 1534 646 1620 proelii
688 1554 816 1599 non
860 1533 1158 1619 requirit,
1225 1534 1374 1618 sed,
1440 1535 1743 1623 quicquid
1801 1537 2205 1624 commiserit,

149 1735 322 1785 Ambr-
367 1737 549 1783 seilicet
591 1739 650 1783 ut
682 1740 822 1797 turpe
848 1734 1018 1797 fuum.
1055 1760 1123 1773 -
1153 1750 1254 1785 esse
1289 1740 1547 1785 certamen.
1621 1737 1759 1787 Unde
1792 1751 1904 1787 cum
1920 1766 1985 1775 -—
2002 1746 2207 1803 optant,

151 1825 308 1869 cetera
331 1816 450 1875 cet.)
485 1816 572 1868 Sic
605 1816 797 1881 legitur
831 1820 884 1866 et
915 1814 1247 1882 distinguitur
1279 1817 1338 1867 in
1370 1818 1453 1869 ed.
1478 1817 1627 1869 Grut.·
1660 1834 1768 1869 non
1800 1820 1996 1871 monito
2028 1826 2205 1875 tamen

143 1902 352 1965 lectore,
387 1901 530 1949 itane
561 1900 694 1948 Pan.
729 1898 1025 1962 praeferant
1054 1913 1243 1950 necne:
1278 1900 1441 1951 multo
1474 1900 1661 1951 melius
1709 1898 1865 1967 certe,
1900 1919 2055 1969 quam
2082 1904 2199 1971 edd.

147 1988 350 2035 ceterae
383 1996 558 2033 omnes
592 1982 890 2046 praeferunt
921 1982 1221 2045 habentque
1255 1982 1577 2047 distinctum,
1613 2000 1714 2033 esse
1746 1992 2017 2049 certamen,
2070 1990 2202 2041 unde

147 2084 258 2118 eum
302 2070 461 2129 excipi
509 2067 714 2115 libenter
757 2070 962 2128 optaret.
1035 2069 1239 2117 caetera
1275 2070 1525 2131 epistolae.
1566 2093 1633 2103 --
1676 2066 1927 2135 adhibere)
1986 2067 2125 2131 Quid
2156 2068 2205 2119 si

145 2150 296 2217 legas
345 2151 569 2199 adhiberi
612 2148 698 2196 vel
730 2148 976 2197 adiicere?
1009 2174 1078 2185 -
1121 2150 1315 2213 diripit)
1370 2148 1634 2200 Revocavi
1662 2150 1799 2202 hanc
1830 2152 2106 2201 lectionem
2138 2166 2207 2203 ex

147 2237 264 2288 edd.
300 2250 384 2300 pr.
419 2237 472 2283 et
502 2232 620 2283 Par.
654 2230 790 2280 sistit
823 2244 938 2281 eam
971 2228 1142 2281 Garet.
1182 2244 1409 2296 quoque3
1454 2232 1593 2296 quod
1624 2232 1783 2299 vulgo
1821 2233 2013 2298 legitur
2045 2237 2203 2297 eripit,

145 2321 200 2369 in
251 2316 538 2368 Leunclav.
593 2314 816 2378 primum
859 2315 1062 2365 visitur.
1109 2341 1176 2351 --
1229 2312 1437 2379 scripta)
1502 2313 1594 2365 Sic
1637 2330 1733 2379 pro
1781 2315 1924 2380 vulg.
1962 2319 2205 2379 seriptum

142 2402 278 2451 Pall.
309 2429 360 2438 -—
405 2401 650 2449 concitata
683 2397 770 2446 sub
803 2401 966 2447 nimia
992 2398 1208 2457 feritate.
1259 2398 1421 2445 Homo
1452 2398 1645 2447 meotilis
1678 2398 1797 2463 cet.)
1842 2396 2001 2447 Hunc
2033 2399 2205 2451 locum

146 2496 248 2546 quo
301 2482 508 2544 saepius
544 2480 936 2545 accuratiusque
969 2478 1234 2529 considero
1249 2514 1262 2541 ,
1317 2493 1380 2527 eo
1414 2480 1699 2543 suspectior
1728 2478 1858 2529 mihi
1889 2478 1949 2528 fit
1982 2494 2205 2545 eumque

145 2570 196 2615 et
238 2562 574 2614 distinetione
615 2567 668 2612 et
717 2563 974 2627 scriptura
1021 2561 1258 2611 laborare
1304 2560 1553 2611 existimo.
1620 2560 1806 2626 Itaque
1844 2562 1950 2611 iam
1980 2563 2203 2626 primum

143 2646 528 2698 distinctionem
559 2647 804 2697 maiorem
834 2650 954 2711 post
985 2644 1144 2695 verba
1171 2644 1375 2707 fuerant.
1408 2648 1651 2695 concitata
1680 2644 1975 2709 ponendam
1996 2644 2203 2709 censeo,

113 2780 118 2785 ,
143 2712 395 2799 suadente
441 2727 500 2779 id
546 2730 633 2779 vel
664 2744 879 2779 numero
915 2728 1160 2780 orationis
1194 2742 1257 2777 ac
1290 2729 1554 2779 sententia·⁴
1582 2727 1929 2780 commodiori.
1996 2728 2203 2781 Deinde

141 2814 274 2864 latet
314 2814 372 2863 in
414 2813 503 2861 sub
545 2812 928 2876 praepositione
975 2810 1218 2861 mendum
1261 2810 1643 2876 legendumque
1687 2826 1783 2876 pro
1816 2826 1881 2861 ea
1910 2814 2005 2875 sie,
2048 2826 2207 2877 quam

142 2897 455 2963 particulam
487 2895 785 2960 suppeditat
817 2900 872 2945 et
887 2896 1031 2961 Epit.
1065 2896 1122 2943 in
1156 2909 1260 2959 qua
1292 2894 1501 2961 legitur,
1532 2900 1603 2946 sic
1634 2898 1781 2944 homo
1805 2899 1905 2947 cet.
1970 2894 2205 2959 Accedit,

143 2981 282 3046 quod
303 2979 542 3031 Iordanis
573 2981 632 3029 in
663 2979 1058 3029 transitionibus
1074 2978 1347 3043 particulis
1376 2982 1447 3028 aie
1478 2982 1627 3029 etita
1647 2979 1725 3029 uti
1752 2976 1901 3041 solet,
1934 2981 1997 3027 ut
2016 2992 2133 3041 epp.
2150 2978 2201 3027 3.

117 3067 189 3120 '8.
239 3066 326 3115 33.
361 3064 443 3113 40.
479 3064 560 3112 41.
605 3064 692 3113 43.
730 3062 813 3111 49.
851 3064 934 3111 50.
969 3063 1053 3111 60.
1111 3060 1178 3111 R.
1213 3060 1266 3113 S.
1304 3076 1421 3126 epp.
1456 3062 1505 3111 ὅ.
1543 3062 1621 3111 15.
1660 3062 1741 3110 66.
1778 3060 1894 3112 117.
1958 3060 2203 3123 Denique

139 3163 234 3213 pro
267 3150 438 3197 nimia
464 3144 570 3210 legi
602 3144 818 3195 maloin
831 3146 1008 3208 nimia,-
1042 3143 1289 3209 absorpta
1309 3145 1693 3209 praepositione
1713 3159 1747 3193 a
1762 3143 1928 3207 prima
1940 3142 2203 3205 sequentis

140 3232 286 3282 vocis
309 3228 526 3294 syllaba.
553 3226 757 3290 Quibus
779 3226 1114 3291 praestructis
1135 3227 1212 3277 ita
1228 3224 1611 3292 distingendum
1630 3231 1682 3276 et
1704 3224 1979 3291 legendum
2000 3224 2203 3287 fuerant

140 3318 410 3377 concitata.
475 3312 559 3361 Sic
605 3314 664 3360 in
709 3313 874 3359 nimia
911 3310 1112 3372 feritate
1152 3311 1301 3361 homo
1342 3309 1535 3359 subtilis
1556 3334 1636 3365 ‚·-
1666 3312 1775 3357 arte
1810 3306 2085 3369 puymbat.
2131 3332 2200 3345 —-

131 3399 407 3462 fortissime·
437 3392 686 3459 qentium)
713 3392 804 3445 Sic
821 3392 996 3445 Ambra
1033 3392 1184 3443 euius
1215 3392 1495 3443 lectionem
1524 3391 1769 3457 vulgatae
1793 3390 2064 3451 fortissime
2080 3388 2202 3439 ideo

138 3481 269 3531 duxi
301 3476 710 3545 praeferendam,
747 3476 874 3542 quia
907 3475 1244 3541 compellatus
1277 3480 1359 3527 est
1388 3481 1503 3527 tota
1532 3474 1751 3541 epistola
1782 3486 1891 3522 non
1920 3472 2089 3523 solum
2108 3488 2201 3523 rex

139 3562 502 3614 Theodericus
515 3598 528 3625 ,
567 3559 658 3610 sed
695 3559 926 3611 universi
959 3558 1115 3609 etiam
1147 3558 1303 3611 simul
1338 3557 1513 3611 Gothi.
1549 3584 1607 3595 -
1648 3557 1877 3605 adversus
1911 3556 2199 3623 orbis—ty·

135 3644 384 3712 rannum)
437 3643 526 3695 Sic
559 3658 652 3708 pro
685 3645 820 3695 turbis
852 3642 986 3695 Pau.
1019 3642 1198 3697 Ambr.
1229 3642 1373 3707 Epic.
1410 3640 1563 3694 Boni.
1598 3644 1649 3691 et
1682 3639 1805 3754 ΜΒ...
1827 3638 1941 3691 edd.
1976 3638 2196 3693 Leuncl.

1724 3722 1757 3772 9
