2567 4084
1157 162 1240 226 99

162 345 561 433 procinctum
577 393 595 426 ,
639 364 679 409 a
723 361 992 429 quorum
1034 342 1337 409 societate
1366 341 1497 407 iam
1524 342 1931 426 Vesegothae
1960 344 2237 429 quadam

161 446 328 509 inter
389 462 458 509 se
515 442 918 508 contentione
979 442 1249 509 seiuncti
1303 440 1719 508 habebantur.
1842 442 2017 507 Inter
2074 443 2237 509 haec

161 534 660 610 Her-manaricus
699 546 834 606 tam
876 540 1158 606 vulneris
1203 540 1509 624 dolorem,
1554 560 1745 627 quam
1788 541 1978 607 etiam
2019 542 2237 607 incur-

165 643 380 707 siones
401 640 782 706 Hunnorum
825 660 959 705 non
1001 640 1230 723 ferens,
1274 641 1680 723 grandaevus
1724 645 1787 707 et
1828 642 2054 729 plenus
2099 642 2239 708 die-

161 765 306 809 rum
365 743 710 807 centesimo
777 742 1024 807 decimo
1083 762 1252 807 anno
1308 742 1481 805 vitae
1538 760 1691 805 suae
1748 740 2079 807 defunctus
2122 747 2238 807 est.

168 843 369 909 Cuius
413 863 582 907 mors
623 841 1021 907 occasionem
1067 840 1242 906 dedit
1285 840 1539 906 Hunnis
1581 841 1949 927 praevalere
1993 840 2059 905 in
2102 841 2238 907 Go-
2314 830 2323 839 ’

164 944 293 1007 this
338 941 486 1023 illis,
535 962 694 1028 quos
741 941 1102 1006 dixeramus
1131 939 1422 1005 orientali
1446 938 1639 1025 plaga
1669 940 1889 1007 sedere
1916 940 2237 1013 3103110·-

165 1043 398 1127 gothas
443 1041 816 1127 nuncupari.

371 1157 588 1223 XXV.
698 1155 1139 1240 Vesegothae,
1217 1153 1287 1219 id
1344 1158 1439 1219 est
1503 1154 1612 1219 alii
1671 1175 1888 1222 eorum
1953 1160 2110 1226 socii
2176 1167 2240 1227 et

171 1257 423 1322 occidui
469 1256 588 1321 soli
632 1256 937 1339 cultores,
983 1258 1156 1319 metu
1196 1259 1533 1340 parentum
1577 1256 1887 1339 exterriti,
1934 1246 2239 1343 quidnam

168 1357 250 1422 de
294 1375 364 1421 se
405 1363 668 1442 propter
709 1360 962 1439 gentem
1005 1354 1387 1419 Hunnorum
1431 1354 1887 1439 deliberarent,
1951 1358 2241 1443 ambige-

169 1457 349 1540 bant,
395 1447 632 1541 diuque
675 1455 1026 1537 cogitantes
1053 1453 1326 1517 ‘tandem
1364 1455 1681 1519 communi
1728 1455 1963 1541 placito
1993 1456 2240 1543 legatos

173 1557 254 1621 ad
273 1555 656 1623 Romaniam
686 1553 974 1620 direxere
1003 1552 1086 1618 ad
1107 1551 1448 1619 Valentem
1475 1554 1945 1640 imperatorem,
1982 1557 2239 1623 fratrem

173 1654 608 1721 Valentiniani
651 1653 916 1719 senioris
935 1701 952 1733 ,
1017 1657 1088 1717 ut
1105 1700 1122 1735 ,
1184 1657 1433 1739 partem
1488 1653 1802 1720 Thraciae
1862 1656 1998 1721 sive
2052 1657 2240 1724 Moe-

175 1755 305 1819 siae
351 1753 408 1818 si
448 1752 575 1819 illis
617 1754 895 1817 traderet
937 1751 1019 1816 ad
1065 1752 1421 1829 colendum,
1468 1752 1603 1817 eius
1639 1752 1889 1837 legibus
1925 1755 2241 1842 viverent,

177 1855 441 1941 eiusque
481 1853 762 1939 imperiis
807 1853 1246 1917 subderentur.
1333 1850 1456 1935 Et,
1502 1857 1572 1915 ut
1614 1852 1773 1917 fides
1815 1853 2073 1920 uberior
2113 1856 2244 1923 illis

175 1953 551 2035 haberetur,
608 1952 987 2037 promittunt
1031 1970 1132 2027 se,
1195 1951 1250 2014 si
1294 1950 1585 2017 doctores
1628 1953 2077 2036 linguaesuae
2123 1956 2242 2021 do·-

177 2054 462 2135 naverit‚
521 2051 659 2117 fieri
705 2050 1116 2117 Christianos.
1205 2049 1351 2134 Quo
1406 2051 1647 2117 Valens
1704 2059 2027 2139 comperto
2090 2072 2243 2119 mox

179 2151 684 2237 gratulabundus
729 2150 992 2233 annuit,
1039 2150 1210 2235 quod
1255 2150 1424 2216 ultro
1464 2156 1681 2237 petere
1722 2153 2050 2235 voluisset,
2097 2174 2238 2219 sus-

179 2258 526 2339 ceptosque
559 2252 626 2315 in
651 2250 932 2315 Moesiae
974 2251 1265 2336 partibus
1310 2250 1505 2316 Getas
1548 2252 1730 2337 quasi
1774 2273 2022 2318 murum
2064 2256 2246 2338 regni

179 2355 272 2417 sui
321 2352 543 2415 contra
599 2355 838 2415 ceteras
897 2356 1119 2433 gentes
1173 2350 1411 2415 statuit.
1497 2350 1579 2414 Et
1624 2352 1773 2437 quia
1816 2358 1965 2417 tunc
1999 2354 2245 2421 Valens

177 2490 278 2496 .—
284 2487 1551 2495 —m-——ss———m
1554 2489 1616 2493 —.

2296 2446 2339 2494 l

2176 2497 2484 2514 *a

181 2562 618 2623 Οετνοροϋιοηιτη,
603 2574 616 2589 ·
671 2574 721 2611 v.
767 2556 827 2608 *in
885 2560 1219 2622 Ostroyothas.
1267 2586 1336 2595 —
1409 2559 2091 2637 Veseqothae—habebanlur)
2158 2562 2245 2613 Ita

178 2644 375 2707 optime
425 2642 560 2694 Pau.
621 2646 674 2693 et
721 2643 897 2694 Ambr.
949 2657 1118 2707 neque
1165 2642 1389 2693 multum
1437 2642 1609 2693 differt
1652 2643 1809 2695 lectio
1840 2645 1969 2695 Exc.
2026 2647 2261 2709 quadam

178 2729 309 2775 inter
325 2741 395 2774 se
427 2729 731 2777 contentione
764 2728 996 2777 disiuncti
1033 2732 1192 2789 erant,·
1222 2742 1276 2780 v.
1315 2727 1603 2789 Veseyothae
1636 2728 1919 2793 discessere,
1974 2745 2121 2793 quam
2154 2732 2249 2781 du-

179 2810 300 2858 dum
333 2811 462 2858 inter
493 2821 544 2858 se
575 2811 733 2859 iuncti
765 2791 1021 2863 habebant.
1064 2838 1132 2847 —
1177 2814 1437 2861 centesimo
1470 2810 1683 2875 decimo)
1716 2810 1959 2875 Epitome
1992 2819 2045 2863 et
2074 2813 2249 2865 Bonfi-

177 2892 300 2941 nius
335 2890 511 2941 CXIII
540 2894 859 2957 praeferunt.
910 2922 979 2933 —
1031 2911 1163 2945 mors
1207 2897 1511 2943 occasi-<mem
1549 2892 1704 2959 dedit)
1754 2893 1843 2945 Sic
1896 2896 2073 2947 Ambr.
2129 2912 2247 2948 cum

177 2973 312 3027 Rod.
345 2990 398 3025 v.
433 2980 609 3027 mortis
641 2980 830 3027 occasio
863 2978 1014 3032 dedit.
1070 3006 1138 3017 —
1191 2982 1248 3027 in
1284 2978 1453 3029 Gothia
1483 2974 1605 3043 illis)
1650 2976 1781 3029 Exc-
1814 2981 1869 3027 in
1904 2980 2083 3030 Gothos
2115 2984 2248 3047 illos,

179 3058 320 3123 quod
351 3060 550 3123 recepit
581 3058 1014 3127 Lindenbrogius.

315 3158 446 3223 Cap.
457 3159 627 3211 XXV.
662 3151 760 3211 alia*
773 3174 940 3211 eorum
953 3163 1075 3211 soc-'2'
1089 3158 1158 3225 et)
1192 3158 1311 3210 Vox
1342 3162 1437 3209 alii
1468 3162 1709 3223 suspecta
1738 3160 1867 3211 1111111
1892 3161 2097 3211 videtur
2118 3162 2251 3212 mal·

177 3241 386 3306 lemque
419 3245 542 3291 olim
573 3259 668 3309 pro
689 3246 991 3311 1118183316,
1025 3242 1129 3294 11131
1163 3242 1393 3292 insiticia
1424 3247 1549 3293 sunt
1580 3242 1801 3309 quatuor
1830 3244 1927 3294 illa
1957 3244 2132 3309 verba,
2166 3245 2251 3295 118

180 3328 240 3373 111
271 3325 438 3374 nostri
471 3326 539 3375 311
570 3342 754 3377 manus
793 3329 1083 3389 Veseyothae
1096 3362 1110 3389 ,
1162 3326 1218 3375 id
1249 3330 1321 3379 eet
1354 3326 1545 3375 occidui
1576 3330 1673 3375 soli
1702 3306 1924 3377 cultores.
1994 3326 2148 3390 Quod
2196 3326 2250 3379 31

181 3407 358 3457 omnia
389 3408 456 3459 ab
489 3409 607 3473 ipso
639 3409 859 3462 Iordane
893 3414 1013 3459 sunt
1043 3408 1299 3473 profecta,
1348 3412 1471 3458 socii
1513 3410 1826 3460 vocabulum
1869 3409 1957 3459 hio
1986 3409 2127 3461 idem
2156 3425 2251 3461 va-

183 3488 258 3539 let
271 3526 288 3555 ,
323 3490 466 3555 qnod
497 3493 773 3557 populares
803 3493 888 3544 vel
921 3492 1142 3558 gentiles
1173 3491 1331 3554 811833
1368 3504 1470 3556 quo
1501 3492 1797 3559 significatu
1826 3494 1991 3544 utitur
2023 3506 2089 3543 ea
2120 3508 2251 3545 voco

186 3576 238 3623 et
285 3572 404 3638 ipse
458 3574 694 3629 Iordanis
739 3576 806 3629 R.
852 3574 909 3628 S.
957 3590 1000 3625 c.
1047 3574 1130 3624 60.
1167 3580 1179 3586 “
1213 3576 1387 3625 ducem
1435 3576 1709 3627 Labienum
1758 3574 1979 3643 (Parthi)
2020 3579 2253 3627 meinai

180 3664 540 3721 praeponentes
573 3664 744 3709 contra
775 3662 950 3725 socios,
981 3660 1038 3708 id
1069 3662 1141 3707 est
1170 3660 1437 3724 Romanos,
1473 3660 1706 3722 «linqunt.
1742 3686 1809 3698 -—-
1841 3661 1910 3710 ad
1929 3658 2250 3725 Bomam'am)

1714 3770 1719 3775 .
1773 3744 1802 3793 7
1815 3741 1851 3777 ο
