2567 4084
1279 163 1365 230 20

326 347 448 429 teS,
490 344 798 412 Romanis
841 363 1108 432 corpore
1152 348 1216 410 et
1257 345 1470 412 animo
1513 343 1905 432 grandiores,
1948 354 2239 436 pugnant
2272 348 2381 415 be-

326 442 502 510 luina
547 443 832 514 saevitia.

492 543 609 610 IV.
694 544 797 608 Ex
853 545 975 609 hac
1028 543 1224 627 igitur
1269 543 1561 610 Scandza
1615 543 1825 610 insula
1882 548 2065 631 quasi
2132 548 2377 615 officina

327 646 612 728 gentium
655 649 768 711 aut
811 647 978 708 certe
1020 643 1199 709 velut
1240 644 1475 728 vagina
1515 643 1849 711 nationum
1890 665 2033 710 cum
2078 667 2229 732 rege
2271 669 2381 715 suo

326 746 521 830 Berig
545 744 742 810 Gothi
765 743 1086 832 quondam
1109 747 1541 810 memorantur
1564 743 1831 826 egressi:
1879 745 1987 830 qui
2015 751 2085 812 ut
2112 749 2383 834 primum

327 867 364 912 e
403 845 680 911 navibus
745 851 1049 912 exeuntes
1114 850 1315 910 terras
1358 842 1659 926 attigere,
1724 842 1895 910 illico
1958 844 2101 912 loco
2158 869 2381 916 nomen

327 946 654 1012 dederunt.
719 945 886 1010 Nam
941 944 1258 1032 hodieque
1302 942 1468 1026 illic,
1513 946 1583 1007 ut
1624 943 1823 1009 fertur
1838 955 1861 1028 ‚'
1914 944 2385 1014 Gothiscandza

326 1051 610 1112 vocatur.
677 1045 865 1112 Unde
906 1066 1059 1112 mox
1088 1046 1541 1131 promoventes
1562 1040 1646 1104 ad
1669 1041 1853 1108 sedes
1875 1043 2379 1130 Ulmerugorum‚

327 1147 438 1231 qui
479 1150 633 1209 tunc
657 1144 898 1211 Oceani
939 1146 1114 1232 ripas
1155 1141 1539 1221 insidebant,
1584 1145 2009 1209 castrametati
2054 1151 2201 1210 sunt
2242 1167 2383 1212 eos-

325 1265 449 1331 que
472 1236 807 1311 commisso
834 1246 1080 1331 proelio
1101 1242 1379 1332 propriis
1400 1241 1662 1309 sedibus
1682 1245 2087 1330 pepulerunt,
2126 1266 2381 1312 eorum-

324 1366 448 1433 que
505 1345 748 1411 vicinos
788 1346 1120 1412 Vandalos
1172 1347 1300 1410 iam
1352 1347 1504 1408 tunc
1546 1341 1959 1428 subiugantes
2001 1346 2133 1410 suis
2176 1349 2385 1433 appli-

322 1468 550 1514 cavere
591 1447 895 1512 victoriis.
962 1444 1094 1510 Ubi
1149 1464 1304 1509 vero
1364 1461 1596 1526 magna
1653 1443 1879 1528 populi
1934 1447 2383 1514 numerositate

320 1552 663 1628 crescente,-
708 1546 899 1611 etiam
941 1563 1145 1630 paene
1189 1542 1411 1631 quinto
1456 1563 1605 1626 rege
1648 1549 1951 1626 regnante
1993 1550 2141 1630 post
2168 1547 2379 1631 Berig,

317 1647 599 1731 Filimer,
645 1646 776 1711 filio
821 1644 1186 1727 Gandarici‚
1233 1642 1569 1708 consilium
1612 1643 1808 1726 sedit,
1854 1649 1925 1707 ut
1967 1642 2197 1711 exinde
2240 1665 2384 1712 cum

319 1746 578 1812 familiis
605 1745 960 1812 Gothorum
1003 1747 1408 1829 promoveret
1453 1744 1784 1808 exercitus.
1853 1743 1978 1827 Qui
2022 1745 2389 1829 aptissimas

324 1847 508 1913 sedes
551 1847 819 1933 locaque
855 1843 1004 1909 dum
1044 1843 1292 1929 quaerit
1321 1861 1621 1927 congrua,
1648 1845 1943 1927 pervenit
1974 1845 2059 1908 ad
2082 1844 2386 1928 Scythiae

2095 2017 2276 2022 -----
2281 2018 2343 2026 .-.,-
2359 2021 2385 2027 -,

453 2100 578 2164 Cap.
611 2099 706 2152 IV.
773 2095 943 2164 Beriy)
965 2097 1240 2160 Freculph.
1268 2111 1384 2146 cum
1406 2097 1535 2147 Exc.
1570 2099 1746 2148 Bes-ich
1770 2101 1822 2146 et
1854 2096 1941 2145 hic
1976 2101 2029 2146 et
2058 2097 2225 2158 infra3
2250 2097 2386 2151 Rod.

327 2187 486 2238 Vario,
525 2210 584 2220 -
620 2180 873 2243 hodieque)
907 2178 990 2228 Ita
1021 2194 1115 2243 pro
1148 2179 1292 2244 vulg.
1329 2181 1475 2229 hodie
1500 2180 1631 2235 Pau.
1653 2180 1827 2229 Ambr.
1862 2179 2137 2245 Freculph.
2160 2181 2289 2230 Exc.
2325 2211 2388 2220 —

322 2263 703 2330 Gothiscandza)
726 2263 814 2314 Sic
834 2263 1010 2311 Ambr.
1035 2264 1206 2312 Gothis
1233 2263 1433 2312 Oandra
1456 2263 1561 2328 Mg.
1582 2263 1697 2316 Par.
1724 2263 1871 2314 Gothi
1888 2264 2083 2314 Seama
2103 2264 2389 2330 Freculph.

323 2349 694 2401 Gotthiseandia
735 2345 868 2396 Rod.
905 2347 1249 2395 Gothi-wanda
1292 2344 1433 2408 Epit.
1470 2360 1587 2394 cum
1616 2345 1767 2395 Bonf.
1824 2349 2174 2398 Gothiscanzia
2203 2349 2391 2414 vulgo.

318 2459 386 2472 -
417 2431 638 2494 vocatur)
672 2429 846 2480 Ambr.
873 2429 1068 2477 dicitur.
1107 2457 1168 2466 --
1204 2429 1274 2476 ad
1294 2453 1352 2462 —
1381 2429 1773 2493 Ulmeruyorum)
1797 2429 1928 2482 Rod.
1961 2434 2389 2496 Ulmemyorum.

317 2512 652 2580 applicavere)
688 2513 776 2564 Sic
806 2512 1080 2576 Freculph.
1103 2553 1108 2560 .
1129 2525 1245 2560 cum
1276 2511 1404 2561 Exc.
1444 2515 1763 2573 applicarunt
1794 2512 1925 2563 Rod.
1963 2519 2241 2578 applicuere
2274 2518 2391 2582 ΜΒ.

315 2601 431 2650 Par.
469 2600 612 2648 cuius
644 2597 817 2660 lecti0‚
851 2599 1061 2659 recepta
1095 2610 1128 2643 a
1150 2593 1405 2644 Vulcanio
1438 2609 1532 2658 pro
1555 2594 1675 2644 lect.
1701 2593 1815 2647 edd.
1838 2611 1916 2660 pr.
1942 2601 2267 2662 appellavere,
2294 2600 2388 2648 ad-

314 2683 418 2733 huc
448 2682 506 2731 in
540 2679 656 2730 edd.
692 2683 970 2742 comparet.
1002 2705 1069 2716 —
1099 2678 1186 2726 ubi
1214 2680 1352 2743 vero)
1390 2676 1477 2728 Sic
1509 2692 1603 2741 pro
1634 2677 1776 2742 vulg.
1810 2681 1881 2728 iba·
1906 2693 2019 2728 vero
2044 2681 2219 2732 Ambr.
2256 2681 2389 2732 Fre-

315 2766 490 2830 culph.
521 2765 650 2814 Exc.
687 2790 750 2801 —
786 2761 1010 2823 filimer)
1035 2761 1313 2824 Freculph.
1340 2761 1585 2823 Philum,
1620 2761 1752 2812 Rod.
1770 2763 2026 2825 Philemer,
2059 2763 2208 2813 Bonf.
2227 2765 2391 2816 Phai-

315 2865 432 2898 mer.
475 2875 544 2886 —-
584 2848 691 2908 filio
741 2842 1035 2909 Gaudete-ici)
1096 2843 1178 2892 Ad
1232 2844 1368 2893 hanc
1426 2846 1703 2895 lectionem
1747 2846 1947 2896 etiamsi
1998 2861 2105 2897 non
2166 2845 2391 2898 duceret

313 2932 442 2982 Exc.
480 2935 533 2980 et
562 2929 776 2980 Person.
809 2927 965 2977 lectio
997 2928 1200 2976 Filimer
1222 2953 1284 2963 —
1306 2929 1441 2990 filius
1476 2931 1770 2993 Gamalam-ici,
1816 2931 1901 2980 vel
1947 2947 1976 2980 e
2012 2947 2126 2996 cap.
2164 2934 2246 2980 24.
2286 2931 2385 2982 ubi

311 3013 450 3064 idem
493 3013 710 3062 recurrit
747 3026 935 3061 nomen
967 3009 1114 3060 nulla
1155 3010 1406 3061 librorum
1446 3013 1748 3076 scriptorum
1790 3012 2109 3065 editorumve
2152 3015 2390 3065 nominis

313 3095 675 3159 discrepantia,
721 3097 957 3159 filiusque
993 3096 1263 3146 Gandarici
1310 3093 1449 3144 idem
1498 3095 1684 3146 dicitur
1714 3097 1934 3160 Filimer,
1971 3101 2079 3161 filio
2106 3100 2389 3149 Gandaria'

313 3178 591 3244 legendum
625 3191 738 3227 esse
769 3182 1058 3241 appareret.
1093 3179 1317 3228 Multum
1350 3183 1523 3228 autem
1544 3179 1595 3227 h.
1621 3180 1660 3232 1.
1689 3182 1949 3232 variatur:
1982 3181 2115 3234 Pan.
2136 3183 2385 3244 Filioyad,

311 3263 486 3312 Ambr.
524 3277 642 3313 cum
662 3262 831 3312 Vatic.
848 3263 954 3323 filio
978 3263 1258 3325 Radariyie,
1296 3261 1405 3312 cod.
1431 3261 1657 3312 Vindob.
1683 3265 1798 3316 652.
1830 3266 2071 3326 Filoquda
2093 3269 2235 3328 reglis,
2274 3265 2389 3330 Mg.

309 3346 428 3396 Par.
461 3349 567 3408 filio
594 3346 851 3406 Hadaries‘,
884 3345 1158 3409 Freculph.
1193 3349 1297 3408 filio
1322 3345 1601 3409 Gadamis,
1634 3346 1765 3396 Rod.
1798 3348 2013 3396 Gadarie
2024 3367 2045 3408 ,·
2080 3365 2132 3396 v.
2154 3347 2385 3410 Filoyud,

310 3428 492 3490 Ariqie.
528 3455 590 3465 —
637 3432 896 3478 eonsilium
923 3430 1072 3489 sedit)
1107 3427 1195 3480 Sic
1226 3444 1321 3492 pro
1355 3430 1497 3495 vulg.
1523 3433 1725 3478 consilio
1744 3431 1869 3480 sedit
1888 3429 2063 3480 Ambr.
2097 3428 2385 3496 (quomodo

308 3510 501 3575 legitur
549 3511 689 3575 apud
721 3511 977 3564 Ammian.
1009 3511 1160 3576 XIX,
1206 3514 1254 3561 7.
1293 3513 1431 3560 nobis
1476 3514 1603 3562 sedit
1648 3509 1924 3577 eonsilium)
1967 3526 2073 3561 non
2116 3511 2257 3560 male
2302 3515 2387 3560 ta·

312 3607 448 3657 men,
483 3593 528 3644 ei
552 3607 581 3645 e
613 3595 774 3658 libris,
808 3594 941 3646 Rod.
978 3599 1030 3644 et
1051 3596 1180 3650 Exc.
1205 3597 1405 3645 Filima-
1420 3621 1488 3632 -
1515 3599 1776 3648 consilium
1804 3596 1955 3649 dedit.
1986 3622 2053 3633 —-
2088 3597 2207 3645 dum
2230 3609 2382 3658 quae-

311 3676 405 3738 rit)
439 3674 516 3726 lta
548 3677 678 3728 Pall.
722 3693 818 3744 pro
849 3679 994 3744 vulg.
1037 3679 1157 3728 dum
1187 3684 1448 3742 quaereret.
1497 3707 1565 3720 -
1613 3676 1783 3743 Oium)
1830 3679 1918 3730 Sic
1948 3679 2079 3730 Pall.
2115 3683 2167 3730 et
2198 3678 2291 3730 hic
2327 3682 2382 3728 et
