2567 4084
1308 128 1392 194 22

323 318 594 380 testatur
636 313 925 378 historia.
987 310 1067 377 In
1119 327 1311 394 quam
1370 302 1746 374 sententiam
1798 311 1861 372 et
1900 304 2191 372 nonnulli
2231 323 2397 370 con-

322 431 573 479 sensere
631 411 960 476 maiorum.
1047 408 1363 494 Iosephus
1428 427 1717 494 quoque,
1775 405 2097 472 annalium
2150 403 2393 470 relator

318 511 686 578 verissimus
705 558 725 594 ,
785 511 938 574 dum
988 506 1231 595 ubique
1282 508 1567 573 veritatis
1620 509 1956 572 conservat
1998 503 2281 588 regulam
2323 508 2389 569 et

319 611 596 694 origines
639 627 972 675 causarum
1017 626 1056 670 a
1097 607 1413 693 principio
1456 605 1749 687 revolvit,
1794 605 1954 670 haec
1998 622 2171 686 vero,
2220 622 2385 688 quae

319 708 619 790 diximuS,
657 707 736 771 de
763 710 952 790 gente
980 705 1335 772 Gothorum
1371 705 1687 792 principia
1723 723 1836 769 cur
1861 702 2161 784 omiserit,
2197 702 2386 786 igno-

317 828 554 874 ramus.
633 805 761 872 Sed
817 810 1033 871 tamen
1086 805 1169 870 ab
1233 805 1357 872 hoc
1412 804 1555 870 loco
1611 823 1830 869 eorum
1886 802 2148 888 stirpem
2206 820 2383 867 com-

316 925 708 989 memorans,
769 903 1046 988 Scythas
1103 924 1214 970 eos
1269 909 1335 969 et
1375 903 1632 968 natione
1688 908 1752 966 et
1793 902 2112 968 vocabulo
2157 902 2383 966 asserit

315 1005 705 1093 appellatos:
730 1005 911 1068 cuius
933 1003 1054 1068 soli
1081 1004 1405 1086 terminOS,
1428 1007 1769 1088 antequam
1794 1001 1966 1065 aliud
1990 1002 2072 1066 ad
2098 1000 2379 1066 medium

317 1104 727 1186 deducamuS,
771 1122 1029 1168 necesse
1075 1107 1191 1186 est,
1235 1109 1309 1169 ut
1349 1104 1578 1184 iacent,
1624 1101 1887 1166 edicere.

478 1203 563 1269 V.
651 1201 915 1286 Scythia
957 1201 1268 1287 siquidem
1294 1201 1672 1266 Germaniae
1714 1206 1919 1264 terrae
1961 1198 2227 1265 confinis
2268 1219 2380 1265 eo-

315 1309 520 1384 tenuS,
585 1301 700 1368 ubi
761 1301 974 1366 Hister
1032 1301 1229 1365 oritur
1285 1301 1489 1365 amnis
1512 1348 1529 1383 ,
1593 1299 1699 1362 vel
1756 1303 2017 1382 stagnus
2078 1298 2380 1363 dilatatur

309 1429 374 1438 ——

313 1469 576 1534 quomodo
620 1470 759 1520 infra
805 1485 1012 1534 quoque
1057 1484 1174 1534 cpp.
1214 1471 1295 1518 14.
1333 1469 1417 1520 23.
1449 1469 1745 1518 nominatur
1775 1466 1939 1516 idem:
1975 1464 2067 1515 sed
2098 1464 2211 1516 Pal.
2246 1464 2380 1512 alter

311 1566 429 1602 cum
451 1551 627 1605 Ambr.
644 1553 902 1615 Αρῑαυίω,
925 1551 1205 1615 Freculph.
1229 1553 1489 1612 Αόῑαηπίε,
1522 1550 1651 1600 Rod.
1671 1551 1908 1613 Abavins,
1942 1547 2090 1598 Bonf.
2116 1547 2379 1608 Albanius,

310 1634 392 1688 ed.
447 1651 529 1700 pr.
574 1635 812 1684 Ablavias
822 1672 838 1697 ,
885 1634 1024 1701 quod
1065 1635 1123 1684 in
1165 1635 1403 1684 Ablavius
1435 1633 1658 1685 mutavit
1698 1633 1997 1682 Rhenanus.
2074 1630 2379 1680 Lectionem
2420 1694 2431 1704 κ

309 1717 551 1767 Ablabius
571 1719 794 1782 primum
817 1717 1028 1770 exhibet
1049 1716 1129 1768 ed.
1152 1717 1372 1768 Leunoi.
1404 1731 1469 1767 ex
1492 1732 1597 1782 qua
1628 1716 1685 1766 in
1716 1716 2048 1780 insequentes
2080 1719 2157 1764 est
2189 1728 2377 1777 propa-

305 1805 446 1866 gata.
516 1802 822 1852 Ablaviume
853 1817 975 1852 vero
1009 1817 1078 1850 an
1110 1801 1349 1849 Ablabius
1381 1800 1609 1866 legatur,
1655 1797 1872 1865 perinde
1917 1801 2012 1861 est,
2060 1810 2220 1860 quum
2252 1797 2281 1844 b
2317 1799 2371 1844 et

306 1897 340 1930 v
374 1881 557 1933 literae
589 1884 889 1949 saepissime
920 1888 1294 1950 permutentur.
1367 1882 1603 1932 Variatur
1644 1888 1820 1932 autem
1863 1881 2019 1928 etiam
2070 1877 2211 1943 apud
2244 1879 2376 1930 alios

303 1963 359 2013 in
381 1963 481 2014 hoc
500 1965 732 2016 nomine:
757 1969 833 2017 sic
853 1965 994 2031 apud
1015 1965 1268 2016 Ammian.
1294 1966 1411 2028 XX,
1439 1969 1521 2026 11,
1540 1967 1589 2014 3.
1625 1963 1861 2012 Ablabius
1884 1962 2090 2027 dicitur,
2121 1961 2215 2026 ‘qui
2236 1960 2375 2012 idem

304 2047 549 2097 Ablavius
583 2053 661 2098 est
698 2048 824 2100 Cod.
861 2048 1119 2100 Theodos.
1152 2049 1217 2100 L.
1239 2049 1359 2099 VII.
1394 2049 1475 2098 tit.
1510 2049 1593 2098 22.
1628 2063 1680 2096 n.
1718 2049 1766 2098 5.
1804 2051 1856 2096 et
1889 2045 2067 2097 Sidon.
2100 2046 2272 2110 Apoll.
2304 2045 2370 2095 L.

303 2129 371 2178 V.
409 2145 492 2194 ep.
529 2132 576 2180 8.
613 2159 678 2168 —
710 2129 965 2196 Iosephus)
1000 2131 1104 2196 Mg.
1131 2131 1248 2181 Par.
1274 2134 1523 2196 Ioseppm,
1557 2129 1695 2196 quod
1725 2145 1823 2180 nec
1853 2129 2025 2194 ipsum
2056 2128 2370 2191 respuerim:

304 2212 380 2265 sic
413 2213 552 2261 enim
585 2227 953 2278 nonnunquam
986 2213 1230 2264 dicebant
1261 2221 1463 2265 veteres
1478 2251 1492 2279 ,
1539 2219 1601 2265 ut
1644 2215 1797 2264 docet
1827 2211 1991 2262 Henr.
2027 2211 2268 2262 Valesius
2302 2210 2371 2260 ad

301 2293 374 2346 ad
407 2295 601 2346 Euseb.
638 2296 711 2347 H.
745 2296 808 2346 E.
842 2295 887 2360 1,
927 2298 1006 2350 10.
1041 2324 1110 2336 --
1143 2303 1421 2362 conservat)
1452 2297 1543 2350 Sic
1574 2297 1657 2348 ed.
1690 2297 1809 2349 Par.
1843 2296 2001 2361 vulgo
2035 2297 2276 2343 conseruit
2299 2293 2371 2343 le-

300 2377 455 2442 gitur.
497 2404 565 2416 —
609 2379 707 2428 Sed
737 2384 927 2438 tamen)
963 2380 1095 2430 Rod.
1127 2382 1212 2430 sed
1247 2386 1460 2432 tantum.
1499 2409 1567 2420 -
1604 2383 1805 2443 Scythas
1828 2392 1909 2428 eos
1933 2405 1997 2414 —-
2023 2377 2216 2442 asserit)
2246 2376 2370 2426 Pro-

297 2475 508 2527 nomen,
545 2460 685 2525 quod
728 2461 886 2529 vulgo
920 2464 1068 2514 abest
1102 2464 1168 2514 ab
1205 2464 1323 2517 edd.
1360 2467 1748 2529 repraesentant
1778 2461 1911 2512 Pau.
1944 2460 2116 2510 Ambr.
2144 2459 2221 2510 ed.
2247 2459 2367 2513 Par.

303 2570 372 2583 -·
403 2549 460 2594 ut
488 2548 675 2608 iacent,
706 2546 911 2613 edicere)
946 2545 1036 2598 Sic
1065 2547 1197 2601 Pall.
1231 2548 1507 2598 adiacentes
1546 2549 1700 2596 dicere
1736 2545 1911 2597 Ambr.
1944 2549 2001 2593 ut
2032 2548 2210 2606 iacent,
2244 2545 2367 2592 edis-

302 2644 454 2678 serere
485 2626 594 2692 Mg.
625 2628 746 2683 Par.
776 2633 853 2679 uti
881 2633 1094 2691 iaceant,
1129 2632 1287 2680 dicere
1319 2631 1489 2697 vulgo.

437 2711 564 2774 Cap.
589 2711 656 2764 V.
702 2713 788 2761 ubi
811 2715 976 2762 Hister
1005 2711 1182 2778 oritur)
1205 2713 1495 2777 Iordanem,
1530 2725 1687 2778 quum
1708 2713 1821 2776 ipse
1842 2711 1895 2760 h.
1924 2726 1967 2758 c.
2001 2709 2152 2770 infra,
2176 2710 2231 2756 in
2252 2707 2368 2768 Scy-

302 2795 410 2842 thia
425 2796 653 2856 primam
673 2794 738 2842 ab
761 2797 1000 2845 occidente
1020 2801 1202 2858 yentem
1226 2799 1386 2846 sedere
1411 2789 1713 2860 Gepidarum
1738 2801 1789 2844 et
1813 2810 1854 2843 c.
1870 2795 1933 2842 12
1954 2797 2011 2841 in
2022 2793 2364 2839 Alamannicis

301 2880 434 2926 arvis
468 2879 648 2926 exoriri
673 2876 965 2926 Danubium
994 2879 1206 2942 referat,
1242 2877 1510 2944 Scythiam
1545 2895 1689 2930 suam
1718 2878 1787 2927 ad
1815 2874 2049 2924 Danubii
2080 2887 2243 2937 usque
2282 2887 2366 2920 ca·

299 2965 400 3026 put
431 2959 739 3023 extendisse,
772 2960 982 3010 minime
1022 2965 1101 3012 est
1129 2961 1439 3012 verisimile:
1474 2977 1632 3027 quare
1676 2964 1829 3010 orum
1870 2975 1972 3009 vox
2004 2961 2245 3020 suspecta
2290 2959 2368 3004 est

299 3042 448 3106 mihi,
481 3040 858 3108 legendumque
888 3043 1061 3094 iudico
1083 3045 1284 3108 orditur,
1320 3045 1395 3093 ita
1422 3051 1482 3095 ut
1513 3044 1567 3094 id
1597 3043 1820 3094 voluerit
1852 3041 2137 3105 exprimere
2168 3043 2363 3100 auctor,

301 3123 569 3190 Scythiam
597 3129 777 3190 patere
799 3125 868 3175 ad
889 3141 1008 3176 eum
1030 3142 1192 3191 usque
1213 3127 1401 3192 locum,
1426 3127 1564 3178 unde
1586 3127 1751 3178 amnis
1772 3126 1863 3174 ille
1885 3123 2121 3188 deposito
2136 3120 2367 3170 Danubii

296 3209 508 3260 nomine
550 3208 684 3258 Ister
714 3209 890 3258 vocari
925 3210 1196 3274 inciperet.
1265 3211 1399 3262 Nam
1425 3211 1743 3260 binominem
1785 3210 1946 3260 fuisse
1978 3204 2121 3270 apud
2166 3207 2367 3253 veteres

299 3307 530 3354 amnem,
566 3295 747 3340 notum
781 3296 874 3341 est.
942 3293 1024 3342 De
1057 3293 1170 3342 loco
1203 3310 1342 3359 vero,
1378 3295 1472 3344 ubi
1504 3294 1739 3344 Danubii
1770 3307 1958 3343 nomen
1990 3290 2046 3339 in
2067 3286 2190 3338 Istri
2227 3291 2367 3336 tran-

299 3376 440 3439 siret,
475 3389 632 3440 quum
662 3388 768 3424 non
803 3375 1100 3426 conveniret
1119 3377 1257 3427 inter
1289 3383 1490 3428 veteres
1522 3378 1678 3440 ipsos,
1703 3383 1762 3428 ut
1785 3376 2063 3428 dilucidius
2094 3380 2243 3430 fieret
2262 3379 2366 3430 lec-

298 3458 416 3521 tori,
453 3457 546 3507 ubi
566 3458 668 3537 ipsi
690 3457 964 3507 Danubius
985 3457 1117 3532 Ister
1146 3458 1260 3510 fieri
1280 3460 1559 3526 videretur,
1593 3461 1795 3512 addidit
1814 3465 2099 3526 sequentia.
2132 3490 2201 3500 -
2233 3471 2365 3526 stay-

298 3555 391 3589 nus
413 3567 480 3577 —
501 3539 798 3603 Mor-siamus)
831 3538 920 3590 Sic
953 3540 1082 3590 Pall.
1119 3557 1234 3592 cum
1273 3543 1382 3609 ΜΒ.
1423 3545 1543 3595 Par.
1585 3546 1774 3594 Mor-sia
1804 3550 1971 3594 monte
2012 3546 2187 3595 Ambr.
2230 3553 2363 3610 stay-

297 3637 420 3672 num
461 3624 775 3674 Mur-sianum
820 3621 948 3674 Exc.
1001 3629 1234 3687 smyrnum
1276 3628 1566 3678 Musianum
1598 3626 1679 3676 ed.
1722 3641 1801 3692 pr.
1848 3627 1987 3688 quod
2025 3629 2082 3677 in
2129 3635 2365 3693 staynum
