2567 4084
1303 110 1432 177 204

306 294 411 360 -in
448 305 609 380 pace
653 296 715 358 et
754 288 1213 379 tranquillitate
1253 310 1565 379 possessa.
1617 288 1824 355 ·Dum
1881 308 2030 373 ergo
2085 287 2169 353 ad
2211 306 2404 375 spem

337 391 691 459 iuventutis
732 389 1139 457 Athalaricus
1192 390 1550 475 accederet,
1606 394 1737 454 tam
1791 408 1972 457 suam
2019 384 2400 452 adolescen-

340 488 497 556 tiam
572 508 763 577 quam
828 490 1047 555 matris
1102 488 1479 555 viduitatem
1539 488 1815 556 Orientis
1887 484 2162 573 principi
2215 504 2404 550 com-

339 588 703 673 mendavit,
762 588 877 654 sed
928 588 997 652 in
1050 584 1233 653 brevi
1291 586 1756 653 infelicissimus
1812 586 2150 651 immatura
2191 586 2403 650 morte

340 692 750 777 praeventus,
791 686 983 752 rebus
1012 681 1304 751 humanis
1331 687 1618 753 excessit.
1681 686 1848 751 Tum
1887 690 2108 767 mater,
2153 702 2234 748 ne
2277 701 2402 769 pro

344 797 537 853 'sexus
580 785 681 852 sui
714 784 1060 868 fragilitate
1116 803 1156 849 a
1196 784 1426 851 Gothis
1469 790 1901 872 sperneretur,
1961 802 2176 850 secum
2235 778 2403 847 deli-

342 886 575 952 ber-ans
594 934 611 968 ‚
656 883 1163 969 Theodahatum,
1207 882 1654 950 consobrinum
1697 904 1917 967 suum,
1962 880 2403 967 germanitatis

343 986 564 1070 gratia·
591 983 962 1049 accersitum
1005 1002 1045 1047 a
1086 982 1320 1047 Tuscia
1338 1030 1356 1066 ,
1405 982 1520 1048 ubi
1560 982 1875 1069 privatam
1915 982 2113 1049 vitam
2158 982 2404 1067 degens

339 1084 411 1149 in
452 1082 695 1149 laribus
738 1082 1015 1169 propriis
1058 1086 1211 1165 erat,
1256 1080 1322 1146 in
1365 1102 1628 1166 regnum
1672 1081 2024 1149 collocavit.
2095 1078 2226 1165 Qui
2267 1080 2402 1145 im·-

344 1204 585 1250 memor
610 1182 1196 1266 consanguinitatiS,
1226 1186 1372 1269 post
1393 1182 1788 1268 'aliquantum
1812 1170 2062 1267 tempus
2092 1201 2132 1246 a
2155 1178 2401 1267 palatio

330 1282 718 1350 Ravennate
760 1281 1146 1347 abstractam
1201 1280 1269 1345 in
1310 1281 1582 1347 insulam
1630 1281 1752 1347 laci
1795 1280 2211 1347 Bulsiniensis
2255 1298 2403 1345 eam

336 1382 537 1447 exilio
566 1380 894 1466 relegavit,
944 1380 1059 1447 ubi
1098 1378 1514 1466 paucissimos
1559 1378 1692 1447 dies
1733 1380 1801 1445 in
1841 1380 2095 1446 tristitia
2137 1378 2402 1463 degenS,

344 1484 423 1545 ab
468 1480 604 1545 eius
647 1478 1027 1546 satellitibus
1068 1480 1139 1545 in
1178 1477 1410 1546 balneo
1455 1485 1552 1546 est
1591 1480 2000 1565 strangulata.

344 1696 432 1749 Sic
451 1713 544 1765 pro
568 1698 707 1763 vulg.
747 1701 801 1746 in
829 1699 974 1759 pacis
1008 1700 1371 1757 tranquillitate
1391 1696 1500 1749 Pal.
1525 1712 1640 1746 cum
1662 1696 1837 1753 Ambr.
1859 1697 1946 1747 hic
1967 1702 2141 1749 tamen
2164 1700 2402 1747 ceteris-

337 1784 570 1843 possessis
593 1780 745 1831 sistit.
767 1806 830 1817 -·
872 1779 1269 1845 Theodahatum)
1293 1778 1378 1829 Ita
1401 1794 1694 1845 expressum
1715 1778 1906 1847 legitur
1925 1794 2112 1831 nomen
2136 1781 2191 1829 in
2209 1778 2324 1831 Pal.
2349 1785 2405 1833 et

342 1854 499 1927 Epitss
521 1878 726 1913 necnon
757 1864 813 1913 in
846 1863 1017 1913 numis
1050 1862 1189 1927 apud
1222 1862 1462 1928 Ludwig.
1494 1862 1551 1912 in
1584 1862 1691 1913 Vit.
1715 1862 1988 1916 Iustinian.
2021 1880 2073 1927 p.
2099 1863 2180 1913 76.
2207 1863 2287 1913 79.
2314 1864 2399 1913 80.

339 1942 462 1997 DN.
484 1944 977 1996 THEODAHAT'V
978 1944 1015 1997 S
1039 1946 1124 1995 vel
1148 1944 1304 1995 etiam
1328 1940 1868 1995 TEODAHATHVS.
1893 1944 1949 1995 in
1971 1944 2075 2010 Mg.
2099 1940 2220 1998 Par.
2251 1943 2406 1995 waco-

346 2028 579 2078 dahadus
611 2028 835 2092 sistitur,
883 2028 1138 2092 quomodo
1185 2034 1238 2078 et
1282 2026 1422 2093 apud
1455 2025 1814 2079 cassiodorum
1845 2026 2020 2078 multis
2051 2027 2181 2079 locis
2211 2043 2403 2078 nomen

246 2162 252 2175 ,
348 2109 573 2161 effertur.
642 2110 815 2175 Vulgo
855 2111 1134 2159 Tbeodatm
1166 2109 1440 2175 legebatur
1479 2108 1622 2176 apud
1664 2115 1920 2173 nostrum,
1969 2123 2100 2173 quae
2134 2108 2403 2159 decurtata

349 2190 571 2239 nominis
605 2188 769 2239 forma
801 2194 855 2240 et
886 2190 1002 2255 ipsa
1034 2190 1157 2241 ferri
1188 2194 1368 2257 possit,
1405 2209 1564 2257 quum
1598 2186 1880 2249 Θευδάτος
1911 2190 2124 2243 Graecis
2157 2190 2239 2243 sit.
2295 2192 2404 2243 Va-

343 2270 508 2320 riatur
566 2271 701 2321 inter
752 2270 1001 2323 lectiones
1050 2274 1398 2323 Theodahatus
1453 2281 1506 2325 et
1557 2274 1830 2326 Theodotius
1875 2276 2030 2325 etiam
2079 2274 2223 2341 apud
2265 2276 2404 2326 Mar-

345 2352 516 2401 eamn.
554 2350 698 2404 com.
734 2351 803 2403 ad
835 2368 956 2404 ann.
992 2354 1104 2403 534.
1142 2354 1257 2405 535.
1295 2357 1409 2406 536.
1434 2382 1502 2393 —
1529 2362 1794 2421 putatam
1825 2354 2010 2425 vitam)
2044 2358 2128 2409 Ita
2159 2344 2273 2411 Pal,
2306 2374 2401 2423 pro

342 2434 489 2501 vulg.'
513 2438 726 2499 privata
758 2442 886 2491 vita.
930 2462 999 2474 --
1040 2440 1097 2486 in
1131 2438 1320 2493 laribus
1345 2438 1588 2505 propriis)
1625 2440 1712 2491 Sic
1743 2457 1836 2507 pro
1871 2442 2014 2507 vulg.
2058 2446 2114 2493 in
2147 2444 2400 2493 laboribus

337 2522 558 2583 propriis
590 2518 704 2568 Pal.
739 2519 912 2571 Ambr.
948 2519 1075 2569 Exo.
1117 2534 1319 2571 necnon
1357 2522 1500 2587 Epit.
1547 2523 1649 2573 nisi
1694 2524 1830 2587 quod
1874 2525 2004 2574 haec
2045 2540 2142 2589 pro
2182 2527 2402 2587 propriis

337 2606 515 2665 parvis
551 2600 784 2666 exhibet,
834 2600 972 2667 quod
1002 2603 1213 2653 minime
1247 2604 1465 2667 quadrat
1497 2606 1553 2654 in
1586 2604 1980 2657 Theodahatum
1994 2644 2008 2671 ,
2053 2608 2099 2659 si
2133 2606 2402 2659 audiamus

344 2682 652 2749 Procopium
684 2684 745 2734 B.
784 2683 845 2735 G.
878 2684 923 2749 1,
960 2686 1009 2734 3.
1044 2713 1111 2724 -
1142 2689 1403 2737 immemor
1435 2686 1905 2754 comamuinitatis)
1939 2688 2239 2739 Annectunt
2269 2688 2396 2739 Exo-

349 2781 466 2815 cum
498 2766 639 2831 Epit.
688 2771 741 2816 et
772 2767 922 2817 Bonf.
967 2772 1014 2817 et
1048 2770 1290 2832 beneficii,
1339 2770 1477 2835 quod
1519 2770 1925 2823 additamentum
1967 2788 2074 2822 non
2121 2772 2278 2836 plane
2322 2786 2399 2821 re-

345 2848 571 2913 spuerim
610 2854 668 2898 ut
711 2850 957 2913 spurium.
1004 2878 1072 2889 —
1130 2852 1442 2901 abstractam
1487 2857 1544 2903 in
1583 2852 1824 2920 insulam)
1869 2852 1972 2921 Mg.
2019 2854 2138 2905 Par.
2189 2854 2315 2903 abiit
2353 2858 2399 2902 et

338 2935 513 2993 postea
545 2934 602 2978 in
632 2932 871 2983 insulam.
908 2958 967 2967 -
1005 2933 1130 2995 laci)
1167 2933 1264 2985 Ed.
1301 2934 1584 2989 Lindenbr.
1619 2938 1776 3001 lacus,
1812 2952 1918 2987 non
1949 2936 2244 2987 necessaria
2273 2952 2401 2987 sane

346 3012 731 3065 emendationez
764 3029 887 3063 nam
922 3018 975 3065 et
1007 3014 1148 3081 apud
1178 3015 1467 3067 Marcellin.
1503 3017 1644 3069 Com.
1682 3018 1752 3069 ad
1782 3035 1830 3070 a.
1857 3021 1972 3069 534.
2007 3024 2064 3069 in
2095 3022 2264 3071 imula
2299 3024 2400 3071 laci

344 3096 667 3146 Bulsiniemis
697 3096 901 3162 legitur.
927 3124 995 3135 —
1027 3098 1372 3164 Bulsiniemis)
1406 3100 1490 3150 Ita
1521 3101 1655 3151 bene
1687 3118 1780 3167 pro
1804 3104 2108 3153 Bul-sinenda
2141 3104 2255 3157 Pal.
2279 3104 2400 3155 Bul-

343 3180 568 3227 ainiensis
602 3184 774 3229 autem
809 3178 997 3231 dicitur
1039 3181 1184 3232 lacus
1224 3180 1318 3233 ille
1357 3174 1451 3247 pro
1491 3185 1787 3237 Vnt-siniam·
1828 3185 2031 3235 solenni
2069 3186 2337 3236 literarum
2365 3184 2398 3234 b

347 3264 400 3309 et
446 3277 477 3309 υ
523 3262 925 3324 permutationez
972 3263 1048 3313 sic
1083 3264 1237 3313 etiam
1272 3265 1414 3329 apud
1445 3264 1718 3317 Aethicum
1751 3284 1806 3333 p.
1839 3268 1922 3317 37.
1969 3267 2048 3320 ed.
2087 3268 2246 3321 Gron.
2280 3270 2402 3319 Bul-

346 3343 467 3389 sinio
502 3357 595 3406 pro
636 3344 870 3393 Vulsiniis
896 3345 1110 3410 legitur.
1144 3373 1212 3385 -·
1254 3346 1340 3397 ubi
1368 3350 1700 3409 paucissimos
1732 3348 1855 3417 dies)
1902 3350 2008 3417 Mg.
2043 3350 2165 3404 Par.
2201 3354 2402 3403 Amale-

341 3424 527 3471 suntha
554 3426 722 3484 plures
756 3426 870 3477 dies.
