2567 4084
1233 181 1235 183 ’
1299 159 1426 223 194

326 344 519 427 retur,
549 342 929 429 gentemque
956 356 1137 405 suam
1156 338 1229 405 in
1254 337 1540 427 Illyrico,
1569 343 1642 406 ut
1671 335 1969 425 diximus,
2004 334 2386 405 residentem

324 462 455 509 non
500 440 753 506 omnino
798 438 1093 505 idoneam
1134 442 1247 503 aut
1288 436 1581 505 refertam
1621 436 1893 524 audiret,
1937 433 2129 523 elegit
2165 434 2386 525 'potius

330 541 517 609 solito
570 556 747 605 more
788 538 996 623 gentis
1052 558 1208 605 suae
1248 538 1471 605 labore
1516 556 1818 625 quaerere
1854 538 2100 605 victum
2116 586 2135 623 ,
2195 556 2383 623 quam

323 640 465 729 ipse
509 640 711 731 otiose
752 634 877 704 frui
919 638 1099 723 regni
1125 639 1402 705 Romani
1429 639 1621 725 bona,
1665 644 1730 707 et
1753 642 2008 725 gentem
2037 654 2221 705 suam
2251 654 2386 703 me-

326 739 621 807 diocriter
663 737 955 803 victitare
968 785 989 821 ,
1048 757 1390 831 secumque
1433 738 1794 807 deliberans
1807 787 1828 822 ‚
1881 738 1966 805 ad
2026 738 2382 825 principem

282 835 287 839 ’
322 841 445 907 ait:
492 838 801 925 Quamvis
840 836 1000 901 nihil
1044 837 1223 903 deest
1262 838 1450 905 nobis
1491 838 1760 926 imperio
1803 842 2017 905 vestro
2061 836 2381 903 famulan-

320 940 519 1021 tibus,
561 944 794 1019 tamen,
836 936 895 1001 si
938 934 1200 1021 dignum
1245 937 1421 1003 ducit
1457 938 1666 1024 pietas
1708 941 1951 1023 vestra,
1999 935 2382 1003 desiderium

322 1039 447 1105 mei
490 1037 699 1103 cordis
738 1036 1012 1103 libenter
1054 1036 1372 1103 exaudiat.
1461 1037 1802 1123 Quumque
1845 1038 1904 1102 ei
1919 1084 1937 1120 ,
1993 1039 2067 1101 ut
2109 1034 2379 1117 solebat,

320 1138 712 1205 familiariter
752 1134 1021 1203 facultas
1064 1136 1288 1203 fuisset
1333 1136 1640 1223 loquendi
1669 1154 2000 1203 concessa:
2043 1132 2381 1219 Hesperia,

320 1238 547 1327 inquit,
590 1236 803 1324 plaga,
834 1253 1001 1321 quae
1028 1235 1269 1305 dudum
1301 1235 1706 1303 decessorum
1734 1234 2382 1322 praedecessorumve

320 1344 679 1405 vestrorum
700 1334 1007 1419 regimine
1032 1335 1391 1419 gubernata
1421 1342 1538 1419 est,
1562 1342 1631 1414 >et
1657 1334 1812 1401 urbs
1840 1334 1951 1401 illa
1977 1338 2174 1419 caput
2203 1330 2382 1399 orbis

322 1443 385 1503 et
427 1436 702 1519 domina,
748 1454 947 1521 quare
990 1454 1157 1501 nunc
1196 1435 1322 1501 sub
1365 1434 1533 1519 regis
1577 1433 2090 1519 Torcilingorum
2133 1436 2198 1497 et
2239 1432 2376 1497 Ru-

318 1542 545 1623 gorum
585 1533 923 1621 tyrannide
964 1534 1271 1607 fluctuat?
1355 1535 1582 1620 Dirige
1635 1553 1737 1599 me
1789 1550 1934 1599 cum
1983 1536 2172 1616 gente
2214 1550 2376 1606 mea,

320 1636 375 1703 si
415 1632 779 1722 praecipis,
806 1638 879 1699 ut
920 1632 1026 1697 hic
1066 1653 1490 1721 expensarum
1531 1634 1816 1719 pondere
1857 1651 2106 1709 careae,
2153 1636 2220 1697 et
2259 1629 2372 1713 ibi,

320 1736 375 1802 si
416 1734 671 1801 adiutus
699 1752 739 1799 a
766 1730 1022 1798 domino
1050 1734 1288 1811 vicero,
1321 1735 1500 1813 ,fama
1531 1738 1782 1799 vestrae
1807 1732 2065 1820 pietatis
2091 1729 2374 1795 irradiet.

316 1833 595 1921 Expedit
620 1851 915 1919 namque,
958 1836 1031 1897 ut
1072 1851 1215 1919 ego,
1258 1834 1374 1920 qui
1413 1853 1555 1899 sum
1583 1852 1804 1899 servus
1833 1836 2046 1897 vester
2089 1833 2154 1895 et
2181 1829 2374 1915 filius,

445 2076 552 2139 frui
566 2102 621 2111 —
636 2075 788 2134 bona)
820 2074 996 2125 Ambr.
1030 2072 1308 2139 Freculph.
1343 2072 1424 2121 ed.
1458 2070 1743 2125 Lindenbr.
1775 2070 1929 2121 bonta.
1967 2100 2030 2112 -
2066 2076 2258 2135 tamen,
2281 2062 2376 2137 ἐπ’)

256 2203 261 2212 .
314 2157 398 2209 Ita
430 2158 571 2209 Pan.
616 2157 790 2208 Ambr.
834 2156 1107 2223 Freculph.
1152 2156 1262 2221 Mg.
1298 2156 1516 2208 Leunol.
1561 2160 1614 2207 et
1646 2156 1766 2209 Par.
1809 2172 1926 2208 cum
1972 2154 2054 2206 ed.
2086 2154 2371 2209 Lindenbr.

314 2245 511 2291 tammam
542 2242 587 2289 m·
618 2240 791 2305 vulgo,
818 2266 887 2279 -
918 2241 1220 2289 decessorum
1244 2238 1728 2301 praedecessorumve
1756 2236 2010 2305 reyimine)
2045 2238 2392 2291 Vocabulum.

254 2322 261 2335 '
306 2324 737 2389 praedessorumve
769 2322 917 2373 abest
946 2322 1005 2371 in
1039 2321 1117 2373 ed.
1143 2320 1427 2373 Lindenbr.
1462 2322 1600 2387 quod
1634 2338 1729 2389 ego
1761 2338 1869 2373 non
1899 2324 2175 2389 probarim,
2212 2339 2372 2389 quum

310 2407 547 2461 Iordanis
577 2422 732 2459 voces
765 2408 1025 2457 decessores
1056 2406 1532 2469 praedecessoresque
1560 2405 1649 2458 vel
1674 2406 2122 2469 praedecessor-esve
2151 2406 2374 2457 iunctim

309 2495 561 2556 usurpare
579 2490 775 2555 soleat,
810 2488 949 2554 quod
978 2488 1147 2553 liquet
1180 2502 1209 2537 e
1244 2502 1288 2537 e.
1311 2489 1395 2538 46.
1431 2492 1484 2539 et
1504 2489 1568 2542 R..
1593 2487 1649 2543 S.
1673 2504 1718 2539 e.
1741 2490 1823 2538 99.
1847 2516 1916 2527 —
1954 2486 2372 2555 Tordliaqomm)

310 2572 401 2625 Sic
443 2574 719 2639 Freculph.
766 2564 1027 2639 quomodo‘
1060 2584 1359 2637 expressum
1402 2576 1456 2623 et
1499 2586 1658 2637 supra
1701 2586 1746 2621 c.
1789 2572 1871 2621 46.
1915 2586 2104 2625 nomen
2143 2572 2368 2639 legitur3

314 2655 729 2719 Thwaiyivomm
758 2655 901 2721 Epit-
954 2656 1284 2719 Rm'noomm
1317 2656 1469 2707 Bonf.
1522 2644 1918 2720 Nrdlo'rtyomm
1947 2656 2122 2723 vulgo.
2154 2684 2224 2695 -
2265 2658 2370 2707 Ru·

308 2739 505 2805 yonam)
540 2741 647 2807 Mg.
670 2741 789 2791 Par.
813 2742 1100 2806 Εοεςοωηι,
1135 2740 1273 2791 unde
1304 2740 1518 2805 legerim
1549 2740 1808 2805 Boqorum,
1845 2739 2100 2805 quomodo
2133 2744 2186 2791 et
2220 2740 2288 2793 R.
2311 2738 2372 2793 S.

204 2852 217 2869 1
308 2836 353 2869 e.
390 2822 507 2875 103.
536 2836 726 2873 nomen
760 2822 986 2873 effertur.
1023 2848 1086 2860 —
1120 2824 1295 2887 Dis-iqe
1325 2820 1428 2889 me)
1461 2822 1749 2875 Pronomen
1763 2860 1776 2887 ,
1823 2822 1962 2887 quod
1993 2824 2144 2875 abest
2174 2822 2301 2875 inde
2333 2838 2370 2874 a

306 2904 525 2957 Leuncl.
571 2906 631 2957 in
670 2906 935 2971 plerisque
976 2904 1093 2960 edd.
1126 2908 1370 2957 revocavi
1410 2921 1480 2957 ex
1513 2906 1630 2959 edd,
1661 2906 1756 2955 illa
1787 2906 2168 2976 antiquioribus
2181 2942 2196 2971 ,
2241 2906 2372 2959 asti·

305 2988 611 3061 pulantibus
642 2986 777 3041 Pau,
810 2988 984 3039 Ambr.
1022 2988 1298 3053 Freculph.
1321 2988 1466 3055 Epit.
1493 3018 1545 3027 --
1578 2994 1636 3039 ut
1655 2986 1756 3055 hic)
1777 2988 2052 3053 Freculph.
2078 3004 2198 3039 cum
2217 2990 2364 3055 Epit.

304 3076 362 3119 ut
394 3076 442 3121 et
473 3072 567 3125 hic.
600 3096 671 3109 —
709 3069 939 3137 irradiet)
970 3070 1073 3125 Ed.
1108 3070 1394 3125 Lindenbr.
1429 3073 1714 3139 irradietur,
1749 3087 1780 3125 e
1805 3073 2118 3141 Freculpho,
2153 3074 2366 3139 opium-3

304 3152 397 3210 sed
417 3154 681 3220 vulgatam
712 3152 799 3203 hic
820 3154 1143 3205 retinendam
1175 3154 1318 3209 duxi.
1380 3157 1632 3207 Ino-adiere
1653 3156 1792 3208 enim
1812 3157 2028 3207 verbum
2051 3170 2366 3223 quamquam

302 3236 474 3287 active
518 3236 825 3301 plerumque
864 3243 1142 3303 usurpatur
1156 3276 1170 3303 ,
1212 3239 1476 3305 reperitur·
1508 3244 1682 3291 tamen
1725 3240 1875 3291 idem
1895 3240 2204 3293 neutraliter
2233 3254 2364 3291 non-

292 3334 591 3384 nunquam:
626 3321 702 3371 sic
736 3318 1022 3372 cassiodor.
1056 3320 1180 3371 Var.
1202 3321 1303 3387 111,
1339 3324 1387 3371 6.
1423 3326 1697 3373 serenitatis
1726 3329 1926 3373 ποθεν-αα
1959 3324 2228 3373 luminibus
2261 3325 2367 3375 Dc-

202 3396 208 3402 *
302 3406 503 3458 aarum,
524 3408 725 3467 sanquis
755 3392 1001 3467 {masaa-
1038 3405 1109 3457 id.
1148 3405 1214 3455 ce
1248 3405 1408 3457 divin.
1444 3406 1736 3461 Lectionib.
1775 3420 1818 3457 o.
1857 3408 1940 3461 16.
1977 3407 2152 3471 mque
2185 3407 2364 3456 amm

303 3488 459 3537 σιω
490 3488 741 3549 mauman
773 3486 1019 3539 sedufius
1048 3486 1118 3553 V,
1150 3490 1273 3541 sic.

736 3570 971 3633 Coeperat
998 3574 1187 3621 huma
1216 3576 1331 3637 post
1359 3574 1528 3623 tristia
1561 3572 1768 3624 sabbata
1791 3570 1918 3635 felix

728 3651 980 3731 innatare
1012 3656 1131 3707 dm.
1283 3673 1292 3684 ·
