2567 4084
1156 149 1232 212 17

157 327 515 416 paludibus
568 324 816 392 foetura
871 327 1165 413 ponitur,
1224 331 1301 394 ut
1350 330 1415 393 et
1456 331 1867 412 augmentum
1907 335 2232 414 praestem

159 426 385 512 generi
439 431 502 492 et
559 427 915 492 satietatem
969 446 1045 492 ae
1099 426 1353 513 copiam
1405 425 1598 511 genti.
1682 425 1832 491 Alia
1873 445 2028 493 vero
2070 449 2230 513 gens

160 526 259 591 ibi
301 529 586 591 moratur
615 524 928 610 Suehans‚
974 545 1138 614 quae
1179 526 1361 593 velut
1387 524 1701 612 Thuringi
1743 525 1922 612 equis
1964 530 2230 595 utuntur

164 625 434 691 eximiis,
521 626 609 690 Hi
670 646 923 713 quoque
978 631 1156 709 sunt,
1229 627 1342 713 qui
1395 625 1464 690 in
1519 623 1741 690 usibus
1797 625 2229 692 Romanorum

163 726 582 812 sappherinas
605 724 806 812 pelles
824 725 1200 791 commercio
1222 725 1680 792 interveniente
1708 743 1823 809 per
1850 725 2007 791 alias
2027 724 2224 790 innu-

161 845 372 892 meras
414 831 635 910 gentes
677 825 1133 909 transmittunt,
1177 825 1405 892 famosi
1446 823 1711 911 pellium
1746 822 1975 891 decora
2012 825 2226 910 nigre-

165 925 334 990 dine.
420 923 506 989 Hi
572 944 768 1009 quum
839 925 1064 1010 inopes
1138 925 1398 1008 vivant,
1466 922 1773 988 ditissime
1851 924 2228 992 vestiuntur.

164 1025 468 1111 Sequitur
533 1023 762 1109 deinde
820 1022 1210 1089 diversarum
1271 1023 1462 1089 turba
1502 1022 1863 1106 nationum,
1924 1023 2226 1109 ThenteS‚

161 1227 352 1295 oeterie
377 1241 490 1292 edd.
515 1239 659 1291 vocis
681 1255 888 1291 ovorum
909 1256 1007 1290 nee
1029 1241 1165 1304 vola,
1200 1257 1297 1292 neo
1318 1241 1610 1306 vestigium.
1646 1267 1715 1278 -
1746 1246 1802 1290 ut
1824 1246 1869 1290 et
1890 1242 2233 1309 auymentum)

160 1326 266 1376 Ed.
303 1325 480 1376 Gal-et.
530 1330 576 1373 ei
619 1329 676 1372 ut
697 1329 1056 1392 amentum.
1108 1351 1176 1360 —
1227 1331 1547 1387 auqmmtum
1580 1329 1830 1386 praestent
1856 1351 1913 1360 —
1941 1340 2002 1374 ac
2034 1329 2231 1388 copiam

163 1407 320 1474 ρειαί)
354 1409 534 1462 Ambr.
565 1413 831 1471 auqeatum
868 1411 922 1456 et
952 1407 1086 1458 Pau.
1122 1409 1389 1470 udcupiam
1423 1423 1516 1472 pro
1541 1411 1753 1470 copiam.
1789 1435 1856 1444 —
1888 1408 2127 1474 Sueham)
2149 1408 2235 1458 Ita.

163 1494 300 1544 Pau.
325 1507 444 1541 eum
464 1491 607 1540 linea.
628 1495 923 1540 transversa
943 1505 1104 1554 supra
1123 1491 1341 1540 eandem
1362 1505 1558 1542 vocem.
1612 1489 1819 1540 GRUT.
1845 1491 2065 1540 Sueham
2086 1504 2235 1555 prae·

162 1579 341 1628 ferunt
373 1574 651 1639 Freeulph.
697 1588 900 1637 quoque
943 1580 995 1624 et
1026 1573 1154 1622 Exe.
1199 1573 1290 1624 sed
1322 1574 1560 1622 euboeam
1592 1572 1769 1626 Ambr.
1804 1575 2054 1624 Suadam
2087 1574 2230 1624 Mon.

165 1661 408 1710 δυσαιανῆ
441 1658 586 1721 Epit.
630 1658 839 1706 Suetani
881 1657 1033 1707 Bonf.
1067 1657 1309 1706 Suetham
1356 1655 1469 1705 edd.
1504 1656 1702 1720 Recepi
1744 1662 1919 1708 autem
1959 1659 2235 1710 lectionem

164 1745 386 1792 Sueham
421 1756 526 1792 non
559 1741 739 1802 solum,
777 1740 900 1804 quia.
931 1740 1135 1788 Suionee
1169 1738 1351 1787 Tacito
1387 1737 1557 1792 Germ.
1594 1754 1637 1788 o.
1663 1740 1745 1788 44.
1812 1742 1957 1790 θυίαν
1976 1741 2239 1794 Islandiao

164 1825 368 1889 ineolis,
403 1827 565 1874 Sueon
598 1821 1086 1887 single-saxonibus
1117 1820 1292 1885 iidem,
1329 1821 1420 1871 sed
1454 1823 1612 1872 etiam
1644 1824 1711 1873 ob
1745 1838 1935 1874 nomen
1954 1825 2233 1890 Swealand,

166 1923 321 1973 quam
344 1907 561 1957 lacubus
583 1906 787 1955 Wetter
811 1909 864 1954 et
883 1904 1079 1954 Wener
1112 1920 1145 1953 a
1165 1904 1515 1968 septentrione
1538 1906 1691 1956 sitam
1714 1908 1941 1958 tenuisse
1975 1907 2235 1971 quondam

163 1991 373 2042 videtur
416 2004 546 2055 gens
588 1988 697 2038 illa.
781 1987 850 2036 At
895 1987 1170 2038 lectionem
1212 1989 1455 2048 suethans
1499 1989 1633 2038 tueri
1675 1989 1887 2042 student
1928 1989 2137 2049 Grotius
2182 1996 2235 2042 et

171 2073 407 2137 Geiems,
446 2086 662 2135 quorum
696 2071 788 2120 ille
822 2070 899 2120 ita
932 2069 1134 2134 Proleg.
1160 2086 1213 2135 p.
1251 2073 1299 2121 5.
1338 2072 1492 2135 „quia
1512 2100 1577 2109 --
1600 2073 1773 2138 inquit
1792 2101 1860 2113 —
1880 2074 2123 2138 frequens
2156 2078 2237 2123 eet

169 2156 479 2207 Germaniae
524 2152 766 2220 gentibus
809 2153 945 2202 inter
990 2153 1118 2204 duas
1164 2154 1373 2204 voca-les
1422 2154 1626 2204 literam
1670 2155 1716 2204 Τ
1731 2192 1744 2219 ,
1782 2172 1935 2221 quam
1966 2157 2061 2206 alii
2091 2161 2153 2207 ut
2182 2157 2235 2206 D

164 2228 512 2304 pronunciare
557 2238 782 2301 malunt,
819 2236 1146 2301 interponere
1160 2274 1173 2301 ,
1222 2253 1284 2287 eo
1318 2238 1512 2287 factum
1524 2272 1541 2303 ,
1574 2243 1633 2288 ut
1666 2240 1807 2303 apud
1835 2239 2146 2290 Iomandem
2176 2241 2237 2290 in

167 2324 420 2374 Seanziae
443 2320 786 2386 descriptione
808 2321 1041 2384 legamus
1063 2320 1357 2380 &tumst
1378 2320 1465 2371 hie
1486 2335 1609 2370 vero
1637 2323 1721 2372 in:
1750 2325 2025 2374 Geschiebte
2045 2325 2235 2373 Schwe-

167 2411 282 2458 dem
315 2423 371 2471 p.
413 2408 495 2456 38.
564 2405 806 2454 &etham
848 2407 914 2452 ist
957 2404 1043 2452 der
1073 2404 1390 2451 schwedieche
1422 2405 1579 2454 Name
1623 2408 1679 2454 in
1721 2409 2062 2468 alcyothircher
2088 2407 2235 2456 Form

167 2489 656 2555 (iibereimtimmend
688 2491 783 2537 mit
809 2488 1034 2549 Godam,
1074 2486 1351 2548 mindam)
1382 2487 1488 2534 und
1521 2488 1648 2536 auch
1677 2489 1874 2537 hierom
1895 2490 2071 2538 erstem
2092 2502 2233 2550 man,

167 2576 279 2623 dem
310 2575 404 2622 das
441 2571 486 2620 Τ
517 2575 573 2620 in
603 2572 716 2620 dem
747 2570 938 2620 Numen
978 2573 1059 2618 ein
1102 2568 1558 2617 Wurzetbuclutabe
1594 2573 1682 2618 sei.
1750 2569 1910 2620 Plura
1943 2570 2008 2619 de
2041 2575 2240 2634 etymo·

165 2657 307 2722 logia
355 2660 412 2705 et
461 2654 715 2717 scriptura
762 2654 984 2703 nominis
1035 2651 1232 2701 dabunt
1281 2651 1554 2702 Cluverius
1600 2653 1681 2707 G:
1710 2654 1772 2702 A.
1818 2654 1883 2706 L.
1918 2651 2011 2703 111.
2059 2669 2102 2702 e.
2148 2655 2235 2708 41.

166 2740 412 2790 Zeuesius
443 2754 497 2803 p.
535 2737 647 2788 157.
682 2742 788 2786 not.
826 2739 876 2786 1.
943 2736 988 2787 Ι.
1027 2735 1303 2786 Grimmius
1340 2737 1508 2791 Geech.
1532 2738 1581 2786 d.
1608 2738 1657 2789 d.
1681 2737 1794 2800 Spr.
1830 2737 1892 2786 Τ.
1928 2735 2001 2786 Π.
2034 2751 2088 2800 p.
2114 2737 2231 2788 743.

167 2851 229 2861 -
271 2820 531 2888 ΊἾιιιω-ἑηρί)
565 2823 741 2872 Ambr.
783 2825 1018 2885 fflrinyi.
1055 2849 1124 2858 —
1167 2825 1222 2870 in
1241 2818 1432 2886 usibus)
1466 2819 1554 2870 Sie
1574 2820 1705 2874 Pau.
1738 2835 1832 2884 pro
1854 2819 1994 2884 vulg.
2017 2823 2073 2868 in
2093 2835 2226 2874 mm.

165 2910 488 2971 εαρρήεήπω
506 2897 659 2969 pelles
680 2932 747 2943 —
769 2905 1130 2973 trammitmnt)
1151 2905 1234 2956 Ita
1258 2920 1353 2969 pro
1375 2899 1520 2968 'vul-g.
1540 2904 1835 2966 Saphin'nao
1856 2903 1989 2955 Pau.
2014 2918 2235 2967 quorum

169 2989 234 3039 ad
266 2989 546 3038 lectionem
577 2989 810 3052 proxime
842 2989 1042 3039 aceedit
1074 2990 1214 3054 Epit.
1248 2989 1565 3051 sapho-inas:
1602 2992 1681 3038 est
1713 2987 1892 3050 etiam,
1940 2987 2031 3050 qui
2060 3001 2235 3036 samu·-

168 3078 303 3122 rims
335 3072 584 3136 proponit
616 3070 909 3137 legendum,
945 3073 1084 3136 quod
1115 3059 1220 3122 non
1243 3076 1323 3122 est
1345 3087 1489 3134 opus.
1524 3071 1808 3122 Audiamus
1829 3069 1981 3120 modo
2001 3067 2235 3118 Linden-

165 3157 405 3223 brogium
427 3154 497 3204 ad
517 3154 620 3206 h01.
649 3155 881 3218 „Harum
905 3157 1121 3218 pellium
1145 3183 1206 3192 —
1228 3156 1403 3218 inquit
1422 3180 1490 3190 —
1511 3155 1703 3204 mentio
1724 3154 1782 3202 in
1803 3152 1966 3202 veteri
1990 3149 2234 3202 chronico

168 3239 499 3306 Sangallensi
531 3239 593 3288 L.
629 3240 674 3289 Ι.
708 3256 762 3304 p.
786 3240 904 3289 393.
933 3243 1156 3302 pallium
1179 3253 1358 3288 canum
1378 3241 1456 3287 vel
1476 3238 1796 3300 saphyrinum
1819 3236 2235 3299 quadranqtdum.

167 3326 366 3377 Ibidem
399 3323 464 3371 L.
500 3322 572 3375 Π.
605 3337 658 3386 p.
694 3324 810 3372 406.
879 3322 1134 3387 Palliaque
1162 3325 1415 3371 frisonica
1449 3321 1582 3384 alba,
1618 3334 1761 3384 cana,
1794 3320 2121 3369 vermiculata
2150 3318 2235 3365 vel

167 3411 451 3473 eaphyrina.
511 3405 755 3456 Germani
790 3410 978 3455 vocant
997 3407 1249 3457 Sabelenst
1289 3432 1349 3442 --
1387 3419 1536 3467 quum
1562 3431 1619 3440 -—
1645 3400 1841 3468 vivant)
1872 3400 1955 3450 Ita
1974 3413 2069 3462 pro
2090 3397 2235 3462 vulg.

170 3497 342 3542 vivunt
375 3490 512 3543 Pan.
547 3489 653 3555 Mg.
688 3489 806 3539 Par.
841 3488 974 3539 Rod.
1009 3490 1138 3539 Exe.
1185 3516 1253 3528 —
1303 3488 1527 3551 Sequitur
1550 3515 1615 3524 —
1638 3483 1802 3550 turba)
1837 3483 1925 3534 Sic
1957 3496 2051 3545 pro
2082 3480 2231 3545 vulg.

169 3581 430 3640 aquantur
477 3573 655 3624 Ambr.
699 3573 806 3638 Mg.
835 3573 952 3622 Par.
987 3573 1262 3636 Freoulph.
1308 3571 1400 3622 sed
1442 3571 1525 3623 ed.
1567 3569 1851 3620 Lindenbr.
1880 3569 2141 3630 sequunmr
2162 3590 2235 3602 -

158 3662 357 3713 -turbae,
388 3686 459 3698 —
497 3656 724 3725 Thentes)
771 3655 859 3706 Sio
897 3655 1032 3710 Pan.
1077 3655 1224 3707 codd.
1262 3654 1489 3705 vindob.
1526 3657 1573 3703 1.
1610 3655 1658 3707 2.
1710 3652 1916 3701 Monac.
1950 3647 2233 3712 Freoulph.
2281 3695 2285 3700 .

113 3763 122 3768 ’
1797 3735 1831 3782 2
