2567 4084
1199 154 1238 217 9

193 328 440 397 Oceani
480 329 644 395 inter
687 329 1030 417 Hispanias
1049 378 1067 413 ‚
1113 329 1356 397 Gallias
1413 338 1475 398 et
1520 332 1923 399 Germaniam
1968 334 2090 399 sita
2145 340 2261 419 est,

161 433 262 513 ,ut
303 433 596 517 potuero,
640 428 862 515 paucis
904 428 1253 495 absolvam.
1326 432 1523 499 Cuius
1564 432 1713 497 licet
1755 431 2261 517 magnitudinem

190 529 344 595 olim
399 548 620 608 nemo,
676 532 748 593 ut
789 527 978 593 refert
1029 528 1282 613 Livius,
1352 532 1812 600 circumvectus
1856 535 1985 615 est,
2044 531 2261 600 multis

189 634 407 693 tamen
449 627 598 692 data
641 632 735 693 est
777 627 958 693 varia
1002 629 1220 715 opinio
1267 630 1347 697 de
1394 650 1471 695 ea
1511 630 1833 717 loquendi.
1894 630 2105 716 Quam
2149 631 2260 697 diu

189 726 506 813 siquidem
533 726 725 791 armis
752 726 1136 793 inaccessam
1153 728 1460 794 Romanis
1482 728 1697 795 Julius
1716 728 1951 795 Caesar
1978 729 2257 817 praeliiS‚
2306 800 2309 805 ,

189 827 274 891 ad
315 825 586 911 gloriam
641 830 886 891 tantum
932 826 1269 913 quaesitiS,
1328 829 1620 915 aperuit:
1678 827 1901 915 pervia
1957 828 2259 917 deinceps
2292 836 2309 841 ”

191 926 620 993 mercimoniis
661 925 949 1011 aliasque
993 924 1078 991 ob
1124 945 1347 993 causas
1390 928 1605 993 multis
1650 928 1819 994 facta
1860 928 2257 1015 mortalibuS‚

189 1047 324 1091 non
364 1023 760 1109 indiligenti,
809 1044 970 1111 quae
1015 1032 1232 1092 secuta
1276 1030 1405 1108 est,
1454 1027 1647 1093 aetati
1690 1027 1921 1093 certius
1964 1028 2063 1093 sui
2104 1047 2259 1113 pro-

189 1126 355 1191 didit
407 1125 632 1209 situm‚
679 1144 864 1214 quem
883 1174 900 1209 ‚
960 1130 1032 1192 ut
1075 1146 1112 1191 a
1157 1124 1419 1191 Graecis
1460 1126 1835 1213 Latinisque
1890 1125 2259 1196 auctoribus

185 1226 572 1313 accepimuS‚
615 1245 1086 1314 persequemur.
1146 1224 1548 1311 Triquetram
1584 1244 1725 1291 eam
1760 1225 1977 1313 plures
2016 1225 2255 1309 dixere,

185 1344 348 1391 cono
422 1324 689 1391 similem
709 1372 726 1407 ,
802 1323 966 1389 inter
1038 1325 1596 1409 septentrionalem
1674 1324 2258 1410 occidentalemque

185 1424 444 1511 plagam
487 1423 857 1511 proiectam,
903 1443 1054 1505 uno,
1101 1424 1210 1509 qui
1253 1424 1565 1489 maximus
1609 1428 1723 1507 est,
1770 1423 2004 1507 angulo
2047 1424 2256 1489 Rheni

187 1524 353 1587 ostia
387 1528 800 1609 spectantem,
840 1524 1069 1590 dehinc
1102 1530 1393 1609 correpta
1432 1524 1765 1589 latitudine
1793 1523 2057 1610 obliqua
2089 1529 2256 1590 retro

183 1623 574 1687 abstractam
603 1622 670 1686 in
703 1622 864 1707 duos
898 1624 1070 1689 exire
1107 1623 1289 1707 alioe,
1326 1624 1707 1709 geminoque
1738 1621 1934 1687 latere
1971 1622 2257 1707 longiore

186 1720 437 1788 Galliae
478 1722 813 1808 praetendi
856 1727 1048 1809 atque
1094 1722 1492 1788 Germaniae.
1556 1722 1635 1787 In
1679 1720 1931 1791 duobus
1975 1721 2258 1787 millibus

2166 1844 2248 1853 -..-

318 1893 664 1939 circumvectus
696 1890 784 1959 est)
810 1891 982 1940 Ambr.
1025 1895 1373 1941 circumvectus
1412 1894 1492 1940 sit.
1540 1919 1602 1927 —
1644 1892 1801 1940 Iulius
1836 1888 2037 1957 Caesar)
2081 1890 2257 1942 Ambr-

180 1978 343 2024 Iulius
397 1978 592 2023 centum
639 1990 705 2025 ex
754 1974 890 2023 male
938 1974 1204 2025 intellecto
1251 1973 1511 2025 scribendi
1560 1974 1883 2039 compendiO.
1928 2000 1991 2009 —
2036 1976 2255 2035 aperuit:
2353 2008 2357 2013 .

177 2060 357 2121 pervia
380 2058 604 2120 deinceps
627 2055 749 2125 cet.)
773 2056 856 2106 Ita
873 2056 1009 2109 Pall.
1035 2062 1087 2107 et
1107 2056 1283 2108 Ambr.
1310 2057 1413 2107 nisi
1438 2056 1576 2121 quod
1598 2057 1684 2106 hic
1708 2058 1881 2106 deinde
1894 2071 1989 2121 pro
2008 2057 2229 2121 deinceps
2236 2076 2257 2117 ,-

179 2156 284 2189 vox
311 2143 490 2202 pervia
519 2141 574 2189 in
599 2140 678 2191 ed.
710 2141 831 2192 Par.
870 2138 1031 2191 deest.
1099 2140 1269 2205 Vulgo
1307 2145 1359 2190 et
1388 2140 1581 2207 legitur
1612 2144 1664 2189 et
1698 2138 2033 2205 distinguitur
2063 2132 2258 2200 aperuit

178 2226 438 2286 perviam:
465 2225 688 2287 deinceps
712 2228 808 2273 cet.
848 2250 910 2259 —
941 2221 1104 2288 facta)
1130 2222 1218 2273 Sic
1238 2238 1334 2287 pro
1353 2226 1616 2287 patefacta
1638 2222 1771 2275 Pall.
1808 2250 1874 2259 —
1903 2222 2152 2285 prodidit)
2176 2221 2261 2271 Ita

179 2306 358 2356 Ambr.
391 2322 506 2355 cum
539 2306 654 2357 edd.
695 2306 814 2355 Par.
849 2309 902 2355 et
935 2303 1218 2355 Lindenbr.
1245 2308 1541 2369 prodiderat
1561 2305 1677 2356 edd.
1700 2321 1779 2370 pr.
1808 2321 1959 2369 quam
1983 2305 2259 2354 lectionem

186 2388 245 2435 in
262 2390 438 2451 prodit
459 2389 747 2438 Vulcanius
769 2390 1006 2440 mutavit.
1039 2416 1106 2425 —
1139 2404 1280 2451 quem
1302 2417 1360 2424 —
1376 2386 1736 2453 persequemur)
1751 2386 1837 2437 Sic
1851 2388 1984 2440 Pan.
2007 2403 2123 2437 cum
2142 2382 2259 2441 edd.

183 2470 306 2522 Par.
345 2476 398 2521 et
427 2470 708 2521 Lindenbr.
745 2472 846 2521 nisi
883 2470 1020 2535 quod
1042 2471 1097 2519 in
1135 2470 1230 2519 illa
1263 2475 1614 2534 persequimur,
1646 2476 1707 2519 ut
1747 2476 1799 2520 et
1820 2472 1995 2537 vulg0,
2030 2470 2222 2535 legitur
2238 2488 2255 2521 ε

179 2568 275 2617 pro
302 2569 444 2616 quem
464 2554 745 2618 pleraeque
785 2552 899 2603 edd.
938 2569 1086 2615 quam
1104 2538 1517 2618 repraesentant.
1555 2582 1613 2591 --
1667 2554 1972 2616 Triquetram
1995 2583 2053 2591 —
2072 2552 2255 2620 dixere)

178 2636 264 2685 Ita.
287 2635 434 2686 dedit
453 2636 750 2701 Rhenanus,
800 2652 916 2686 cum
939 2640 1230 2698 triquatram
1251 2635 1311 2684 in
1333 2634 1413 2686 ed.
1434 2650 1514 2699 pr.
1538 2636 1758 2699 legatur.
1782 2636 1957 2687 Ambr.
1979 2637 2256 2685 tric-adram

178 2720 423 2785 praefert,
449 2720 554 2785 Mg.
581 2720 696 2771 Par.
723 2722 1046 2784 triquadram.
1081 2748 1149 2759 -
1183 2733 1305 2769 cono
1328 2716 1561 2785 similem)
1588 2718 1862 2782 Triquetra.
1884 2720 1930 2769 si
1954 2716 2033 2770 est
2054 2718 2258 2769 Britan-

180 2804 290 2867 nia,
327 2804 420 2867 qui
449 2803 659 2853 tandem
698 2817 818 2855 cono
839 2804 1003 2867 possit
1025 2818 1138 2853 esse
1161 2802 1383 2854 similis?
1420 2816 1569 2852 cuneo
1602 2808 1663 2852 ut
1683 2802 1900 2867 legatur,
1926 2792 2127 2853 'suadet
2148 2809 2258 2853 tum

179 2902 263 2936 res
284 2886 418 2951 ipsa,
444 2891 571 2952 tum,
597 2888 744 2937 cuius
766 2886 898 2937 haec
919 2887 1148 2937 scribens
1170 2886 1402 2935 habebat
1424 2888 1489 2937 ob
1515 2886 1691 2937 oculos
1714 2887 1874 2936 verba.
1896 2891 2086 2950 noster,
2106 2886 2257 2936 Pom-

178 2969 370 3033 ponius
393 2968 534 3019 Mela
555 2970 654 3033 ΠΙ,
681 2970 730 3019 6.
767 2986 816 3019 se
837 2974 892 3019 in
915 2971 1127 3019 diversos
1149 2974 1355 3034 anyulos
1380 2976 1554 3021 cuneat
1578 2975 1811 3035 triquetra
1835 2968 2163 3035 (Britannia).
2190 2999 2257 3009 —

179 3056 263 3115 qui
284 3057 534 3103 maximus
557 3052 644 3119 est)
670 3051 758 3103 Sic
778 3054 952 3105 Ambr.
975 3069 1184 3117 maynus
1219 3054 1394 3118 vulgo,
1430 3082 1499 3091 —
1532 3054 1687 3113 Rheni
1709 3050 1859 3121 ostia)
1891 3051 1975 3102 Ita
1996 3068 2091 3116 pro
2114 3054 2259 3121 vulg.

177 3140 236 3185 in
257 3138 418 3186 Rheni
440 3141 568 3187 ostia
601 3138 735 3188 Pall.
767 3164 836 3173 —
868 3136 1187 3205 spectantem)
1227 3138 1383 3187 Hanc
1421 3153 1617 3201 vocem,
1661 3152 1815 3201 quam
1857 3141 1911 3186 et
1942 3136 2075 3187 Pall.
2108 3152 2258 3201 prae·-

179 3220 373 3281 ferunt,
399 3234 429 3269 e
451 3220 558 3285 Mg.
583 3221 703 3274 Par.
737 3221 1026 3272 Vulcanius
1047 3221 1242 3285 primus
1265 3220 1322 3269 in
1345 3224 1545 3269 textum
1567 3222 1788 3284 recepit3
1816 3240 1936 3273 nam
1957 3224 2015 3271 in
2038 3220 2154 3273 edd.
2175 3237 2257 3285 pr.

179 3318 288 3352 non
312 3304 588 3367 comparet.
624 3330 692 3339 —
727 3310 948 3367 correpta
970 3332 1029 3340 -
1051 3301 1377 3370 abstractam)
1402 3304 1557 3354 Hanc
1580 3305 1854 3355 lectionem
1879 3306 2014 3355 sistit
2032 3295 2259 3368 primum

179 3384 262 3436 ed.
284 3383 404 3437 Par.
437 3385 634 3447 priores
659 3395 936 3453 correptam
958 3390 1206 3439 exhibent
1238 3392 1293 3438 et
1324 3389 1591 3440 abstracta.
1624 3418 1681 3427 —
1720 3392 1871 3437 latere
1888 3388 2126 3450 lonqiore)
2156 3388 2257 3441 Ed.

175 3466 297 3519 Par.
321 3470 603 3529 lonyiorem.
631 3498 700 3509 —-
737 3474 912 3523 Gallioe
933 3473 1173 3536 proetendi
1194 3477 1339 3534 atque
1364 3472 1665 3533 Germania»)
1683 3471 1837 3521 Hanc
1853 3470 2143 3534 lectionem,
2170 3486 2259 3522 ex-

177 3550 401 3600 hibitam
425 3566 458 3601 a
473 3552 581 3619 Mg.
602 3555 723 3607 Par.
744 3556 1016 3605 vetustiori
1059 3556 1278 3605 Galliam
1308 3557 1571 3617 proetendit
1608 3561 1749 3617 atque
1774 3557 2096 3603 Germaniam
2129 3552 2261 3605 Vul-

178 3634 361 3685 canius
383 3638 582 3701 primus
605 3639 895 3701 substituit3
931 3655 1025 3704 pro
1043 3638 1289 3702 proetendi
1309 3638 1365 3687 in
1389 3638 1563 3690 Ambr.
1582 3640 1815 3701 protendi
1846 3636 2053 3701 legitur.
