2567 4084
1265 167 1404 214 vnl

289 332 588 399 cundum.
658 330 883 398 Eidem
925 331 1253 417 praemissa
1296 337 1479 396 erunt
1504 331 1979 417 prolegomena,
2021 333 2089 400 in
2116 335 2355 421 quibus

291 431 372 496 de
413 449 567 496 vero
609 432 866 496 nomine
907 430 1208 513 auctoris,
1254 431 1335 496 de
1376 431 1543 496 vita·
1555 435 1618 496 et
1660 433 1913 518 scriptis
1973 434 2108 500 eius
2126 481 2145 518 ,
2202 433 2355 500 item

277 529 370 595 'de
411 528 594 596 libris
635 532 774 596 eius
817 535 882 595 et
923 549 1116 596 manu
1160 530 1439 596 exaratis
1482 533 1547 596 et
1586 529 1758 616 typis
1800 532 2155 618 exscriptis
2212 532 2355 600 aliis

291 627 564 715 denique
607 629 688 694 de
723 628 939 712 rebus,
984 629 1066 696 de
1097 629 1380 715 quibus
1361 649 1428 694 m
1468 629 1934 716 prolegomenis
1976 632 2355 718 scriptorum

292 733 579 794 veterum
623 729 818 815 quaeri
865 734 931 795 et
970 728 1198 795 disseri
1243 729 1427 810 solet,
1468 733 1711 812 agetur.

461 826 648 912 Quod
694 833 1006 915 superest,
1055 848 1250 916 quum
1293 849 1422 894 non
1466 828 1659 894 semel
1702 832 1975 893 erratum
2018 847 2155 894 esse
2182 849 2221 894 a
2249 834 2356 914 ty-

225 925 228 934 '
289 927 553 1013 potheta
594 928 880 1008 videam,
940 930 1232 1015 quamvis
1257 928 1381 995 hoc
1410 933 1619 993 actum
1654 927 1739 992 sit
1768 925 2013 1011 sedulo,
2057 933 2127 994 ut
2164 949 2357 1016 quam

293 1027 801 1092 emendatissime
869 1027 1156 1112 prodiret
1209 1027 1373 1093 liber
1394 1075 1413 1103 ,
1483 1031 1825 1112 antequam
1880 1027 1965 1092 ad
2021 1027 2355 1094 lectionem

293 1125 601 1190 accedant
624 1126 868 1206 lecturi,
912 1130 986 1190 ut
1013 1145 1254 1192 errores
1284 1127 1350 1191 in
1376 1128 1547 1193 calce
1568 1131 1821 1192 notatos
1859 1125 2199 1209 corrigant,
2236 1127 2356 1192 ad-

291 1225 511 1291 hortor
551 1231 765 1312 atque,
811 1225 866 1290 si
905 1226 1014 1311 qui
1058 1226 1327 1292 fortasse
1370 1223 1749 1314 deprehensi
1790 1242 1921 1289 non
1950 1224 2079 1290 sint
2104 1244 2251 1290 cum
2280 1226 2350 1291 in

276 1328 615 1408 contextu,
660 1331 795 1390 tum
833 1324 928 1407 in,
944 1325 1463 1392 annotationibus
1482 1375 1501 1410 ,
1549 1327 1616 1390 in
1658 1324 1761 1390 his
1814 1323 2037 1390 oculos
2094 1323 2350 1390 fallente

289 1420 397 1486 vel
439 1422 704 1487 minutia
745 1423 1088 1502 literarum,
1132 1441 1399 1512 eamque
1436 1425 1523 1490 ob
1551 1445 1806 1490 causam
1833 1444 1963 1490 non
1984 1423 2225 1489 enotati
2266 1423 2353 1492 ad

293 1520 754 1603 corrigendum,
800 1529 871 1587 ut
909 1528 1277 1588 excusatum
1320 1542 1423 1589 me
1452 1525 1672 1603 velint,
1714 1544 1894 1608 rogo,
1940 1543 2135 1610 quum
2164 1542 2350 1589 nemo

293 1617 387 1683 ita
427 1619 690 1704 lynceus
735 1622 848 1706 sit,
904 1622 1013 1709 qui
1057 1643 1185 1688 non
1226 1624 1544 1689 interdum
1588 1622 1833 1710 aliquid
1874 1623 2015 1688 vitii
2060 1623 2128 1688 in
2172 1627 2353 1688 textu

292 1717 461 1794 libri,
493 1738 683 1805 quem
712 1726 960 1800 tractat,
989 1727 1337 1808 praetereat.
1396 1723 1668 1810 Insuper
1695 1743 1891 1811 quum
1917 1721 2152 1788 librum
2179 1709 2354 1808 typis

283 1819 422 1902 jam
465 1819 850 1906 exscriptum
892 1821 1259 1905 relegerem,
1305 1823 1747 1905 animadverti,
1793 1823 2031 1888 codicis
2072 1821 2355 1887 Ambro-

291 1916 456 1980 siani
485 1916 790 1986 lectiones
811 1919 1056 2006 aliquas
1081 1921 1348 1986 omissas
1384 1941 1544 2000 esse,
1584 1939 1743 2009 quas
1774 1920 2019 1986 etiamsi
2056 1920 2350 2003 levioreS,

290 2013 638 2100 integritati
663 2019 856 2084 variae
880 2017 1168 2086 lectionis
1198 2041 1276 2086 ne
1308 2022 1755 2106 quid,deesset,
1800 2019 1905 2084 hic
1932 2021 2352 2106 apponendas

290 2112 464 2179 duxi.
513 2114 677 2181 Sunt
707 2123 918 2183 autem
953 2118 1084 2183 hae:
1119 2139 1255 2206 cap.
1289 2122 1347 2186 3.
1374 2124 1783 2208 repraesentat
1813 2120 2352 2205 Ambr.Reffcnoe.

287 2231 347 2282 c.
371 2216 432 2280 5,
459 2213 735 2282 Orosius
763 2220 836 2282 in
852 2220 1079 2302 pm'mo
1123 2219 1310 2284 libro,
1334 2239 1387 2284 c.
1406 2223 1463 2284 7.
1482 2223 1598 2304 qui
1614 2220 2001 2306 Garqaram
2018 2225 2351 2287 civitatem

285 2317 698 2400 proeterfluit.
745 2335 797 2381 c.
835 2319 929 2382 10.
973 2324 1182 2382 aucta
1221 2323 1525 2384 victoria.
1584 2339 1637 2384 c.
1680 2323 1777 2386 13.
1827 2318 2031 2404 Oppii
2058 2320 2356 2387 Savicini

289 2417 522 2497 capite.
568 2435 620 2482 c.
653 2419 750 2484 16.
779 2419 853 2481 in
883 2417 1086 2482 Ponti
1128 2419 1317 2483 litore
1355 2419 1609 2502 Scythoe
1648 2422 1745 2486 sol
1767 2423 2015 2485 enituit.
2064 2420 2219 2506 Cap.
2254 2425 2352 2487 14.

288 2515 548 2579 nomina
575 2517 834 2604 propria
859 2518 968 2595 ita,
1011 2523 1084 2583 ut
1114 2520 1349 2605 scripta
1381 2520 1728 2585 offeruntur
1750 2520 1815 2585 in
1842 2522 2067 2586 Ambr.
2094 2525 2349 2586 enotata

291 2613 548 2698 quidem
594 2622 740 2680 sunt
783 2617 1094 2702 exhibita,
1140 2619 1252 2684 sed
1296 2619 1497 2686 verba
1541 2620 1785 2704 omnia,
1847 2619 2167 2706 quomodo
2210 2620 2353 2685 uni-

289 2733 473 2779 verse
515 2722 824 2802 concepta
867 2721 1015 2782 sunt
1056 2723 1120 2782 et
1159 2719 1370 2803 posita
1412 2718 1495 2785 ab
1541 2738 1617 2783 eo
1636 2767 1653 2794 ,
1705 2719 1815 2804 qui
1868 2719 2152 2784 codicem
2192 2721 2352 2784 scri-

288 2812 440 2898 psit,
486 2815 738 2898 omissa,
785 2835 926 2901 quae
961 2816 1103 2902 ipsa
1141 2837 1268 2881 non
1300 2816 1527 2900 solum,
1572 2823 1643 2882 ut
1678 2817 2047 2903 plenissima
2094 2819 2353 2884 sistatur

289 2911 578 2980 lectionis
605 2914 829 2979 Ambr.
875 2915 1321 3002 discrepantia,
1366 2917 1479 2982 sed
1524 2917 1609 2984 ob
1636 2918 1707 2983 id
1732 2918 1941 3001 etiam,
1986 2922 2056 2982 ut
2101 2937 2181 2982 ex
2222 2937 2350 2983 uno

289 3011 502 3077 saltim
562 3033 766 3101 eoque
820 3016 1102 3082 evidenti
1157 3017 1451 3103 exemplo
1501 3019 1640 3102 jam
1701 3034 1869 3080 nunc
1937 3016 2347 3100 intelligatur,

292 3111 447 3196 quid
469 3114 764 3178 sumserit
799 3114 924 3179 sibi
949 3116 1014 3180 in
1041 3116 1262 3182 alienis
1292 3117 1590 3183 librarius
1617 3115 1746 3199 ille,
1790 3115 2147 3181 adiicienda
2171 3117 2349 3184 duxi.

289 3210 555 3294 Legitur
611 3218 823 3279 autem
879 3213 970 3279 ita
1025 3215 1092 3280 in
1151 3217 1373 3282 Ambr.
1430 3217 1740 3300 Hulmul,
1808 3219 1923 3300 qui
1973 3219 2105 3297 fuit
2148 3223 2350 3302 pater

289 3312 499 3398 Augis
511 3361 530 3393 ‚
590 3317 703 3396 qui
744 3317 876 3396 fuit
925 3322 1124 3399 pater
1165 3317 1371 3382 Amal
1412 3337 1459 3382 a
1520 3337 1647 3402 quo
1706 3319 1887 3402 oriyo
1930 3316 2347 3392 Amalorum,

289 3414 400 3493 qui
443 3410 650 3476 Amal
690 3417 916 3498 qmuit
961 3415 1208 3480 Isama
1222 3466 1241 3496 ,
1288 3422 1348 3480 et
1388 3420 1527 3501 ipsc
1571 3416 1971 3502 Ostroqotha
1986 3465 2004 3500 ,
2064 3422 2177 3502 qui
2212 3420 2349 3504 fuit

289 3510 498 3575 Pater
538 3511 847 3579 Hunnuil
867 3563 886 3599 ,
945 3519 1061 3600 qui
1108 3520 1331 3602 ymuit
1374 3517 1582 3582 Athaz
1628 3524 1897 3601 patrem
1939 3520 2235 3601 Achiulf,
2286 3524 2347 3582 et

291 3608 534 3694 Odulf:
579 3612 862 3700 Achiuis
890 3618 1113 3701 ,qenm't
1153 3616 1393 3680 Amila
1405 3663 1425 3697 ‚
1482 3623 1542 3680 ct
1581 3616 1836 3701 Ediuln
1891 3617 2228 3703 Vuls'uulf,
2282 3624 2343 3683 et
