2567 4084
1161 147 1282 214 137
1371 221 1385 231 s

357 326 744 397 XXXVIII.
831 326 1284 395 Convenerunt
1344 330 1559 414 partes
1576 373 1595 410 ‚
1656 331 1732 391 ut
1794 322 2071 391 diximus
2092 372 2111 409 ‚
2173 325 2245 390 in

188 448 460 516 campos
519 427 981 495 Catalaunicos.
1066 428 1222 493 Erat
1271 430 1485 493 autem
1544 422 1779 511 positio
1830 424 1957 491 loci
2009 422 2245 490 declivi

187 534 445 593 tumore
485 527 553 593 in
593 527 834 593 editum
879 527 1060 594 collis
1103 544 1492 597 excrescens.
1580 523 1787 610 Quem
1829 527 2097 608 uterque
2134 538 2250 587 cu·-

186 627 383 715 piens
447 627 761 694 exercitus
823 626 1108 693 obtinere
1129 676 1146 711 ‚
1209 625 1367 713 quia·
1423 622 1549 689 loci
1604 622 2055 710 ‚opportmiitas
2118 640 2252 693 non

185 746 468 815 parvum
504 717 909 793 'beneficium
965 726 1313 805 conferret,
1378 722 1669 789 dextram
1722 725 1974 808 partem
2029 718 2251 785 Hunni

188 844 340 891 cum
385 825 539 909 suis,
583 825 902 893 sinistram
933 826 1207 892 Romani
1248 828 1315 891 et
1338 821 1746 907 Vesegothae
1790 839 1936 886 cum
1975 818 2249 885 auxilia-

185 925 305 991 riis
349 929 772 1012 occuparunt,
826 924 1176 1011 relictoque
1216 921 1298 988 de
1340 920 1687 989 cacuminis
1728 920 1865 987 eius
1908 919 2059 1005 iugo
2108 936 2248 985 cer·-

188 1028 411 1091 tamen
461 1024 699 1091 ineunt.
785 1024 1105 1091 Dextrum
1159 1020 1377 1107 itaque
1428 1040 1628 1088 cornu
1678 1039 1825 1086 cum
1865 1016 2251 1102 Vesegothis

189 1121 632 1190 Theodericus
676 1116 950 1191 'tenebat
963 1170 988 1207 ‚.
1045 1120 1373 1205 sinistrum
1428 1119 1657 1186 Aetius
1716 1138 1861 1184 cum
1922 1116 2249 1201 RomaniS‚

199 1221 590 1305 collocantes
631 1223 700 1290 in
741 1223 952 1291 medio
997 1218 1433 1306 sangibanum
1452 1266 1471 1303 ‚
1516 1237 1703 1304 quem
1748 1218 2039 1304 superius
2080 1221 2254 1283 retu·

192 1320 390 1389 limus
444 1321 797 1408 praefuisse
837 1320 1064 1387 Alanis
1080 1368 1102 1399 ‚
1155 1316 1565 1405 providentes
1622 1316 1915 1383 cautione
1942 1315 2250 1400 militari,

193 1424 272 1485 ut
315 1438 460 1485 cum
480 1467 498 1504 ,
543 1419 624 1486 de
667 1421 846 1487 cuius
889 1420 1102 1485 animo
1143 1418 1355 1483 minus
1394 1416 1890 1503 praesumebant
1903 1460 1922 1499 ,
1965 1414 2252 1481 fidelium

193 1516 388 1583 turba
445 1520 916 1587 concluderent.
999 1518 1216 1585 Facile
1270 1535 1549 1603 namque
1599 1515 1867 1583 assumit
1920 1512 2253 1602 pugnandi

192 1618 660 1703 necessitatem,
689 1616 792 1685 cui
815 1618 1102 1703 fugiendi
1128 1615 1481 1703 imponitur
1501 1614 1859 1681 difficultas.
1916 1614 1971 1679 Ε
1999 1614 2253 1680 diverso

201 1737 361 1785 vero
404 1717 524 1784 fuit
564 1718 943 1785 Hunnorum
986 1718 1156 1783 acies
1201 1716 1492 1782 ordinata
1510 1763 1529 1799 ,
1572 1718 1646 1780 ut
1685 1713 1753 1778 in
1794 1713 2005 1780 medio
2049 1713 2253 1779 Attila

199 1836 348 1883 cum
392 1818 526 1883 suis
566 1803 923 1884 fortissimis
965 1816 1280 1883 locaretur
1293 1862 1312 1899 ‚
1356 1813 1481 1879 sibi
1520 1812 1737 1901 potius
1776 1833 1891 1881 rex
1918 1813 2041 1878 hac
2080 1811 2253 1879 ordi-

195 1916 456 1982 natione
512 1916 908 2002 prospiciens
925 1963 943 1999 ‚
1008 1920 1323 2003 quatenus
1380 1914 1543 1979 inter
1595 1913 1805 1998 gentis
1860 1931 2015 1979 suae
2055 1911 2255 1977 robur

196 2015 449 2108 positus
491 2015 574 2082 ab
601 2015 954 2082 imminenti
988 2014 1270 2102 periculo
1301 2012 1669 2079 redderetur
1698 2016 2021 2099 exceptus.
2094 2010 2253 2079 Cor-

339 2170 468 2235 Cap.
501 2168 800 2221 XXXVIII.
871 2172 1209 2221 Convenerunt
1237 2166 1425 2236 partes)
1482 2167 1572 2219 Sic
1601 2166 1903 2234 legendum,
1938 2166 2257 2234 distingucn-
2338 2182 2343 2185 ·

197 2250 339 2317 dum,
371 2252 444 2304 ab
473 2250 558 2305 his
588 2252 761 2304 verbis
791 2256 950 2318 caput
975 2250 1338 2305 inchoandum.
1392 2254 1729 2324 mmmm
1755 2264 1851 2316 pro
1884 2250 2023 2317 vulg.
2058 2264 2256 2302 convo*

197 2340 324 2386 teret
365 2334 702 2401 suppeditant
730 2336 866 2389 Pall.
896 2336 983 2387 vel
1021 2348 1281 2385 comma-e
1325 2332 1443 2401 Mg.
1483 2333 1601 2385 Par.
1642 2332 1779 2397 quod
1816 2334 1912 2384 ubi
1950 2335 2254 2400 recepimus,

195 2416 463 2471 distinctio
493 2420 660 2471 maior
688 2423 806 2485 post
836 2419 1109 2469 mahomet
1139 2421 1254 2468 erat
1271 2416 1541 2481 ponendaz
1578 2419 1633 2466 et
1663 2415 1975 2469 commodius
2006 2428 2042 2469 a
2072 2430 2252 2469 conve·

195 2507 401 2565 munt,
452 2516 606 2567 quam
638 2502 705 2552 ab
737 2502 846 2553 illis
877 2506 984 2553 erat
1019 2506 1186 2553 autem
1217 2505 1376 2565 caput
1408 2500 1613 2562 exoriri,
1649 2499 1819 2564 quivis
1849 2496 2009 2549 videt.
2079 2500 2252 2566 Vulgo

196 2588 375 2637 autem
393 2584 588 2651 legitur
607 2588 663 2637 et
690 2584 1024 2651 distinguitur
1042 2598 1142 2633 nox
1153 2586 1427 2633 'tramittem
1446 2584 1735 2647 subveniret,
1762 2586 2051 2631 convenam
2063 2588 2253 2648 parm,

195 2672 254 2717 ut
302 2668 550 2732 dinamus,
600 2671 676 2718 tn·
705 2682 904 2730 campos
948 2669 1309 2720 catalaunicos.
1346 2694 1407 2705 —·
1452 2670 1511 2715 in
1552 2667 1739 2716 editum
1780 2664 1937 2731 ceusu)
1994 2664 2085 2717 Sic
2115 2664 2249 2720 Pan.
2331 2677 2339 2685 ·

195 2749 379 2803 Ambr.
413 2750 518 2817 Mg.
552 2752 670 2801 Par.
701 2754 760 2801 in
789 2752 1042 2800 modicum
1074 2748 1218 2815 Epit.
1260 2752 1319 2799 in
1348 2750 1553 2798 nwdmn
1583 2748 1758 2814 wigo.
1794 2774 1861 2785 —
1902 2750 2161 2812 relictoque
2192 2748 2254 2800 de

193 2858 264 2871 -
293 2836 414 2897 iugo
447 2838 692 2885 certamen
719 2838 907 2886 munt.
957 2834 1196 2883 Dextrum
1216 2836 1392 2896 itaque
1424 2832 1545 2898 cet.)
1576 2833 1725 2883 Haec
1755 2832 1911 2884 lectio
1944 2833 2097 2885 unice
2128 2847 2257 2885 vera

191 2915 418 2967 debetur
447 2914 529 2965 ed.
564 2915 682 2967 Par.
715 2916 774 2968 in
807 2916 994 2967 ceteris
1025 2914 1140 2966 edd.
1175 2917 1315 2967 male
1346 2919 1401 2966 ct
1430 2915 1621 2981 legitur
1655 2921 1709 2966 et
1740 2914 2077 2981 distinguitur
2108 2929 2251 2965 oecu-

187 3002 402 3062 ραι-ιω.
467 2997 743 3063 Βαίσέοςυε
785 3000 846 3049 de
890 3002 1160 3051 mmm
1205 3002 1309 3050 eim
1355 3002 1471 3061 iuyo
1506 3003 1799 3063 certamine,
1850 3000 2074 3050 dextrum
2106 3014 2255 3049 coma

189 3085 298 3136 cet.
365 3080 681 3133 coaluerant
713 3081 770 3132 in
801 3080 978 3146 libris,
1015 3096 1080 3133 ex
1113 3082 1300 3147 quibus
1332 3082 1587 3133 editiones
1618 3082 1873 3146 plurimae
1906 3081 2167 3132 fluxerunt
2198 3085 2252 3131 et

189 3166 252 3216 in
303 3164 480 3216 Ambr.
539 3179 692 3216 voces
733 3168 982 3216 ceo-tamen
1023 3168 1194 3215 instent
1211 3165 1293 3215 ··in
1335 3176 1497 3214 unum
1528 3165 1839 3216 vocabulum
1874 3167 2137 3215 certamine
2166 3164 2252 3213 vel

191 3251 503 3309 cen-tantini,¹
526 3246 667 3299 unde
697 3261 940 3312 perversa
969 3247 1066 3297 illa
1095 3246 1250 3297 lectio
1281 3250 1540 3309 relictoque
1556 3273 1623 3285 —-
1640 3249 1934 3310 certamine,
1978 3260 2135 3297 sensu
2166 3245 2250 3310 iis,

192 3344 334 3395 quae
365 3330 418 3381 h.
453 3346 498 3381 e.
534 3338 835 3397 narrantur,
869 3332 1028 3397 plane
1059 3328 1334 3379 contrario.
1400 3329 1623 3393 Insuper
1652 3334 1816 3394 “aque
1850 3328 2109 3393 particula
2140 3332 2253 3378 tum

191 3412 256 3463 in
289 3412 405 3462 edd.
441 3428 518 3479 pr.
554 3419 666 3464 tum
699 3415 758 3464 in
787 3414 962 3464 Ambr.
999 3411 1280 3476 reperitur3
1327 3412 1533 3464 uncinis
1580 3428 1615 3463 a
1646 3411 1965 3464 Leunclavio
1997 3411 2251 3462 inclusam

189 3494 484 3547 Vulcanius
515 3512 546 3547 e
579 3502 724 3547 textu
757 3496 986 3561 expulit:
1020 3509 1116 3545 nos
1145 3494 1480 3548 restituimus.
1518 3521 1586 3535 ο·-
1617 3500 1846 3546 aunone
1876 3492 2124 3561 militari)
2145 3493 2245 3546 Ed.
2274 3512 2284 3517 ·

188 3577 312 3628 Par.
357 3582 576 3628 munioni
619 3580 832 3643 eiusque
874 3578 981 3643 Mg.
1023 3578 1289 3640 famlias-⁸⁶.
1323 3604 1393 3615 --
1432 3578 1656 3640 fidelium
1688 3576 1856 3645 turba)
1910 3577 1996 3628 Ita
2026 3578 2249 3642 primum

192 3659 277 3711 ed.
323 3657 440 3711 Par.
475 3660 568 3712 sed
613 3660 812 3727 priores
834 3660 1078 3723 »fidelium
1129 3674 1242 3707 cum
1294 3660 1459 3711 turba.
1489 3684 1559 3699 --
1600 3660 1667 3709 ab
1697 3664 1985 3711 imminenti
2011 3657 2250 3726 peniculo)
