2567 4084
1221 150 1305 215 23

225 332 616 413 Mursianus,
649 330 917 397 tendens
948 351 1150 418 usque
1189 331 1271 397 ad
1306 322 1861 417 flumina'Tyram,
1905 334 2295 399 Danastrum

231 436 296 497 et
345 430 730 515 vagosolam
751 480 768 513 ,
833 450 1260 517 magnumque
1302 430 1481 495 illum
1525 432 1929 518 Danaprum,
1976 432 2295 497 Taurum-

231 551 358 617 que
422 536 734 612 montem,
799 550 928 595 non
980 530 1160 596 illum
1204 530 1429 614 Asiae,
1488 532 1602 597 sed
1661 532 2006 619 proprium,
2067 529 2132 595 id
2198 534 2295 595 est

231 630 604 715 Scythicum
626 679 643 714 ,
701 649 818 716 per
883 649 1134 695 omnem
1191 629 1534 697 Maeotidis
1596 630 1905 697 ambitum
1922 678 1942 714 ,
2000 628 2293 713 ultraque

227 729 558 795 Maeotida
620 748 733 815 per
798 729 1125 813 angustias
1189 731 1465 817 Bospori
1527 750 1729 817 usque
1792 731 1878 795 ad
1937 729 2292 797 Caucasum

151 837 158 848 “
223 834 510 895 montem
552 848 929 915 amnemque
951 831 1252 912 Araxem,
1298 848 1375 894 ao
1416 830 1647 897 deinde
1682 830 1748 896 in
1786 829 2107 895 sinistram
2139 846 2292 913 par-

225 932 357 995 tem
401 928 639 993 reflexa
679 932 828 1015 post
870 948 1043 993 mare
1089 928 1414 1016 Caspium,
1460 949 1623 1015 quae
1665 929 1731 994 in
1776 927 2071 995 extremis
2095 926 2291 993 Asiae

224 1082 542 1089 —-—---——--

221 1176 512 1239 mysianum
550 1192 583 1225 a
616 1176 868 1227 Rbenano
906 1181 1158 1227 mutatum
1195 1176 1254 1225 in
1292 1177 1409 1231 edd.
1444 1179 1683 1229 omnibus
1721 1179 1916 1229 visitur.
1986 1176 2155 1239 Quam
2189 1175 2292 1226 lee-

219 1259 419 1309 tionem
451 1274 611 1323 quum
651 1274 745 1324 pro
790 1261 990 1310 sincera
1033 1260 1287 1311 haberent
1328 1261 1429 1310 viri
1472 1261 1611 1311 doeti
1625 1298 1639 1325 ,
1681 1261 1776 1310 alii
1819 1261 1973 1309 aliter
2010 1258 2077 1307 de
2114 1264 2289 1320 staqno

219 1344 451 1405 Mysiam
493 1344 822 1393 commentati
867 1350 1006 1397 sunt.
1069 1344 1284 1406 scamus
1317 1348 1489 1395 autem
1533 1342 1671 1402 dedi,
1714 1357 1821 1391 non
1862 1348 2120 1403 stagnum,
2168 1340 2292 1403 quia

216 1424 427 1475 facilius
459 1426 794 1493 intelligitur,
831 1442 992 1492 quare
1025 1441 1090 1477 ex
1118 1432 1321 1489 stay-mu
1352 1426 1569 1477 fecerint
1598 1424 1799 1475 scribae
1830 1429 2061 1487 staqnum
2074 1459 2089 1487 ,
2136 1438 2291 1488 quam

219 1516 426 1572 staynus
461 1525 526 1560 ex
557 1516 807 1572 staynum.
869 1512 1151 1559 Mursianus
1183 1510 1398 1572 insuper
1414 1502 1662 1571 'exhibui,
1696 1521 1802 1555 non
1833 1507 2131 1569 Mursianus,
2168 1506 2289 1570 quia

219 1595 278 1641 et
310 1592 442 1645 Pali.
481 1608 595 1642 eum
629 1593 804 1642 Ambr.
842 1591 899 1641 id
933 1591 1238 1642 exhiberent
1271 1590 1556 1654 eodemque
1588 1589 1801 1639 duceret
1832 1590 2007 1639 Ambr.
2042 1589 2199 1638 lectio
2234 1592 2289 1638 et

217 1676 392 1724 Mursa
423 1691 518 1740 pro
552 1678 741 1739 Mursa,
775 1676 970 1725 Mursia
1001 1689 1094 1725 seu
1115 1675 1285 1736 Hya-sa
1318 1674 1439 1737 plus
1472 1672 1631 1723 semel
1661 1674 1865 1738 legatur
1896 1672 2038 1737 apud
2069 1677 2287 1735 veteres,

215 1762 282 1807 ut
315 1755 508 1821 Sulpic-
546 1757 722 1809 Sever.
754 1756 827 1811 H.
852 1756 906 1807 S.
930 1756 1002 1820 H,
1037 1758 1118 1805 38.
1156 1761 1208 1805 et
1229 1756 1371 1806 Fast.
1398 1754 1699 1819 Cuspinian.
1724 1754 1795 1805 ad
1814 1772 1863 1805 a.
1888 1756 2007 1808 351.
2038 1780 2109 1791 —
2140 1770 2287 1817 usque

214 1839 290 1887 ad
311 1866 378 1877 —
399 1838 733 1905 Damam-um)
779 1840 888 1906 Mg.
919 1840 1035 1889 Par.
1077 1840 1363 1899 Dae-strum,
1400 1838 1541 1903 Epit.
1573 1840 1918 1889 Danasti-ium,
1964 1864 2032 1875 -
2080 1839 2283 1901 Tyrum,

213 1922 552 1989 Dana-strum)
585 1922 730 1973 Inter
760 1928 1038 1986 utrumque
1067 1935 1256 1971 nomen
1283 1920 1388 1971 nisi
1420 1920 1613 1971 excidit
1644 1937 1731 1971 seu
1758 1921 2043 1985 particula,
2080 1918 2286 1985 egregie

213 2004 420 2055 fallitur
452 2005 506 2054 h.
539 2005 576 2054 1.
611 2005 864 2068 Iordanis,
905 2007 1087 2067 Pyram
1123 2004 1444 2070 distinguens
1476 2018 1511 2053 a
1541 2005 1815 2068 Dana-stro,
1848 2004 1999 2069 quasi
2028 2002 2131 2051 duo
2164 2001 2285 2064 sint,

213 2101 336 2137 eum
369 2103 533 2137 unum
563 2088 804 2153 idemque
835 2088 1028 2138 flumen
1062 2090 1132 2139 sit
1167 2091 1325 2152 Tyras
1358 2094 1411 2139 et
1444 2090 1707 2151 Danaam,
1742 2087 1947 2139 diversa
1978 2097 2287 2151 quamquam

211 2170 573 2234 appellatione
586 2208 601 2236 ,
641 2171 738 2221 illa
781 2171 1074 2233 antiquiore
1090 2208 1104 2236 ,
1140 2172 1240 2222 hae
1278 2172 1565 2223 recentiore
1598 2168 1669 2237 (v.
1704 2170 1961 2226 Ammian.
1992 2169 2197 2232 XXXI,
2232 2169 2285 2233 3,

211 2253 266 2302 5.
303 2252 521 2303 Cedren.
575 2253 636 2303 Τ.
671 2253 743 2303 11.
779 2268 832 2317 p.
867 2256 948 2313 5.)
993 2256 1080 2304 vel
1114 2255 1383 2305 usitatiore
1424 2259 1563 2305 certe
1596 2254 1803 2305 aeeolis.
1850 2282 1911 2293 —-—
1967 2251 2285 2317 Vaqosolam)

209 2336 544 2398 Baaossolam
587 2336 928 2402 Geographus
971 2337 1102 2388 Rav.
1135 2337 1212 2386 IV
1227 2372 1242 2401 ,
1290 2339 1339 2386 5.
1374 2352 1404 2387 e
1436 2344 1628 2388 nostro.
1672 2364 1736 2375 —
1780 2342 1927 2389 illum
1958 2333 2282 2400 Damprum)

211 2416 306 2469 Sie
336 2432 434 2483 pro
465 2420 606 2485 vulg.
645 2420 938 2469 Danubium
969 2419 1102 2469 Pall.
1139 2434 1254 2469 eum
1288 2419 1437 2472 eodd.
1472 2422 1675 2471 Monac.
1712 2426 1765 2471 et
1796 2422 1967 2471 Vatie.
2002 2420 2143 2468 aliud
2175 2420 2282 2467 Da-

209 2505 451 2564 napinam
486 2503 663 2554 Ambr.
687 2504 826 2552 'illud
855 2504 1211 2566 Dammprum
1244 2503 1345 2568 Mg.
1385 2504 1503 2556 Par.
1538 2530 1603 2541 ·-·
1644 2520 1737 2567 per
1754 2530 1825 2545 --
1845 2500 2113 2567 ambitum)
2146 2499 2279 2549 Pall.

209 2599 332 2634 eum
353 2585 531 2635 Ambr.
559 2602 652 2649 per
665 2610 734 2623 --
752 2588 962 2635 aditum.
1001 2612 1060 2623 --
1097 2586 1224 2647 quod
1243 2614 1301 2625 --
1323 2584 1554 2652 emoritur)
1576 2587 1872 2637 Relativum
1894 2598 2131 2650 quaeque
2154 2586 2283 2645 apta

209 2674 336 2719 sunt
369 2684 432 2717 ex
457 2684 520 2719 eo
553 2670 716 2720 verba
746 2658 808 2719 ut
836 2668 902 2718 ad
934 2668 1201 2734 Scythiam
1224 2669 1511 2719 existimem
1542 2670 1820 2733 pertinere,
1856 2667 2057 2718 etiamsi
2078 2666 2282 2717 Raven-

205 2768 307 2802 nae
338 2754 443 2802 iam
475 2754 553 2802 ita
594 2754 798 2802 invenit
826 2753 881 2801 in
911 2753 1048 2802 libro
1079 2767 1188 2816 sue,
1223 2751 1298 2819 (v-
1331 2754 1431 2818 ips.
1464 2754 1527 2803 L.
1563 2754 1659 2805 IV.
1692 2769 1737 2803 o.
1773 2751 1846 2819 1.)
1877 2750 2089 2801 minime
2131 2764 2163 2799 a
2196 2762 2281 2799 me

205 2850 422 2901 possum
455 2836 760 2901 impetrare:
798 2836 1069 2886 referenda
1098 2842 1222 2887 sunt
1251 2838 1427 2902 potius
1458 2836 1528 2887 ad
1548 2850 1689 2887 mare
1712 2836 1959 2901 Caspium
1983 2832 2281 2899 legendum·-

207 2933 313 2984 que
345 2921 478 2981 qued
509 2926 563 2969 et
595 2923 746 2979 tenid,
783 2934 937 2982 quam
967 2920 1307 2983 posteriorem
1339 2936 1519 2971 voeem
1549 2920 1779 2984 praefert
1793 2918 1970 2971 Ambr.
1990 2917 2201 2967 Etenim
2232 2917 2280 2967 si

203 3001 534 3053 Herodotum
577 3002 1018 3067 paucissimosque
1070 3003 1202 3053 alios
1247 3003 1477 3068 exeipias
1516 3008 1752 3053 auctores
1765 3038 1779 3065 ‚
1824 3001 2130 3067 pervulgata
2176 3000 2281 3051 fuit

203 3090 444 3135 veterum
479 3084 652 3147 opinio
688 3084 761 3152 (v.
799 3085 1020 3135 Caaaub.
1054 3084 1142 3139 ad.
1177 3084 1349 3139 Strab.
1375 3087 1469 3136 XI.
1503 3102 1556 3149 p.
1584 3088 1702 3140 349.
1733 3085 1899 3135 Hard.
1932 3085 2019 3137 ad.
2036 3084 2168 3138 Plin.
2202 3083 2275 3136 Η.

139 3203 158 3212 -
203 3166 276 3218 N.
307 3166 405 3230 vl,
443 3169 522 3217 15.
557 3167 734 3220 Ursin.
769 3168 838 3218 ad
863 3169 1080 3233 Dionys.
1103 3169 1303 3235 Perieg.
1337 3187 1387 3219 v.
1420 3172 1503 3221 4¹7.
1540 3170 1796 3220 Tsohuok.
1830 3169 1900 3219 ad
1932 3169 2055 3219 Mel.
2088 3166 2188 3231 111,
2224 3169 2273 3231 5,

203 3252 259 3303 3.
295 3249 502 3304 Cluver.
541 3250 605 3301 G.
639 3253 702 3301 A.
737 3252 804 3303 L.
837 3251 880 3301 Ι.
916 3266 960 3303 ο.
1000 3256 1049 3302 1.
1099 3252 1287 3302 Ideler.
1322 3253 1393 3302 ad
1412 3253 1674 3304 Aristotel.
1699 3252 1969 3304 Meteorol.
1990 3250 2035 3315 Ι,
2062 3252 2145 3310 13,
2167 3249 2275 3314 29.)

201 3333 455 3397 Caspium
478 3350 618 3385 mare
641 3339 862 3399 angusto
885 3335 1080 3387 fluento
1105 3339 1341 3387 eonneeti
1362 3352 1481 3387 oum
1502 3336 1747 3401 Scythico
1768 3350 1862 3386 seu
1884 3334 2277 3399 septentrionali

203 3416 449 3467 Oeeano=
485 3418 624 3481 quod
657 3422 748 3484 qui
781 3420 990 3483 statuit,
1041 3421 1091 3469 ei
1124 3418 1287 3469 efficit
1330 3434 1441 3469 eam
1454 3456 1468 3484 ,
1520 3434 1678 3482 quam
1709 3417 1945 3468 Iordanis
1977 3417 2065 3466 hie
2096 3416 2276 3467 adum·

201 3500 338 3564 brat,
373 3514 518 3549 mare
549 3500 683 3550 illud
715 3501 951 3567 figuram.
979 3528 1048 3541 -··
1079 3502 1144 3551 ab
1172 3503 1366 3551 Oceano
1388 3499 1670 3568 euroboreo)
1704 3502 1853 3551 Haee
1872 3499 2029 3550 lectio
2050 3500 2275 3564 primum

199 3581 390 3633 visitur
411 3583 468 3633 in
492 3583 572 3633 ed.
597 3585 882 3639 Leunelav.
907 3585 1290 3649 antiquioribus
1310 3586 1563 3635 Eua-oborn
1586 3582 2021 3648 praeferentibus3
2060 3588 2113 3634 et
2138 3584 2274 3635 bene

195 3664 376 3728 habet,
393 3681 568 3730 neque
585 3667 832 3718 audiendi
852 3674 990 3731 sunt,
1016 3669 1108 3733 qui
1125 3670 1433 3732 Hyperboreo
1452 3668 1730 3733 legendum
1752 3672 1980 3721 censent.
2013 3666 2097 3719 Ad
2118 3682 2273 3732 quam
