2567 4084
1324 136 1453 217 2⁰8.

354 324 534 399 urbis
571 320 842 407 aufugit,
882 324 949 389 et
985 338 1058 392 se
1099 318 1190 385 aci
1209 315 1675 395 Ariminensem
1700 316 2177 403 oppressionem
2217 328 2416 402 prae·—

353 427 556 511 parat.
641 421 832 489 Unde
881 418 1024 507 pari
1065 423 1284 485 tenore
1328 416 1666 484 frustratus
1705 416 2109 501 fugatusque,
2147 414 2411 493 Raven-

353 542 503 594 nam
545 540 614 589 se
653 520 922 607 recepit3
982 517 1099 584 ubi
1142 516 1479 601 obsessus,
1535 534 1654 581 nec
1698 533 1915 593 mora,
1969 514 2135 580 ultro
2197 532 2267 582 se
2322 514 2411 579 ad

352 626 568 710 partes
621 618 800 689 dedit
850 617 1113 694 victoris
1163 634 1311 684 cum
1348 613 1796 681 Mathasuenta
1835 613 2033 697 iugali
2074 613 2414 701 regiasque

355 740 534 811 opes.
613 721 700 789 Et
753 720 846 787 sie
901 717 1218 786 famosum
1271 734 1538 800 regnum
1579 713 2114 798 fortissimamque
2152 716 2410 795 gentem

357 822 598 909 diuque
613 822 986 904 regnantem
1013 815 1272 883 tandem
1298 832 1503 901 paene
1523 811 1857 877 millesimo
1887 815 1951 876 et
1969 811 2412 878 trecentesimo

355 939 526 989 anno
579 919 786 986 vietor
838 916 1124 1001 gentium
1175 914 1571 979 diversarum
1624 912 2014 977 Iustinianus
2067 911 2415 995 imperator

353 1038 472 1105 per
495 1016 934 1086 fidelissimum
965 1013 1289 1084 consulem
1318 1013 1473 1079 vicit
1495 1010 1897 1097 Belisarium‚
1940 1015 2004 1077 et
2034 1010 2417 1097 perductum

354 1116 626 1201 Vitigim
669 1100 1308 1200 Constantinopolim
1331 1112 1581 1198 patricii
1622 1111 1867 1177 honore
1911 1110 2192 1178 donavit.
2278 1110 2414 1177 Ubi

353 1215 502 1303 plus
543 1214 804 1281 biennio
849 1213 1212 1282 demoratus
1268 1210 1794 1299 imperatorisque
1847 1210 1917 1275 in
1972 1210 2205 1275 affeetu
2247 1228 2410 1275 con-

354 1315 608 1385 iunctus
625 1364 644 1401 ,
701 1314 894 1383 rebus
950 1312 1222 1379 excessit
1275 1310 1592 1379 humanis.
1686 1310 2199 1375 mathasuentam
2256 1325 2415 1373 vero

353 1406 634 1499 iugulent
674 1413 810 1489 eius
852 1412 1032 1481 fratri
1073 1430 1188 1478 suo
1233 1410 1551 1479 Germano
1598 1409 1869 1497 patricio
1912 1407 2239 1473 coniunxit
2282 1406 2414 1475 im-

355 1630 551 1683 tissime
581 1630 682 1681 hae
715 1629 780 1681 de
813 1643 889 1703 re
907 1629 1138 1694 loquitur
1167 1628 1448 1695 Ptoeopius
1480 1628 1542 1681 B.
1570 1627 1733 1689 G.11‚
1760 1628 1839 1677 10.
1873 1628 1942 1697 τῇ
1974 1624 2267 1723 πολιαρκίᾳ
2295 1625 2413 1689 (τῆς

353 1702 589 1781 Ῥώμης)
627 1704 875 1769 ἐνιαυτός
908 1727 966 1763 τε
989 1707 1266 1783 ἐτέτριπτο
1300 1710 1389 1761 καὶ
1423 1704 1567 1783 πρός
1599 1702 1751 1778 οἷυτῳ
1784 1700 1981 1781 ἡμέραι
2016 1704 2195 1771 ἐννέα,
2233 1700 2324 1758 ὅτε
2359 1698 2414 1758 ὅι

287 1817 306 1835 ·
353 1790 574 1847 Γότθοι
609 1788 830 1847 ἅπαντα
861 1812 930 1847 τα
967 1796 1126 1861 σφῶν
1149 1787 1531 1868 χαρακώματα
1564 1809 1866 1851 καυσαντες
1902 1786 2021 1861 ἅμα
2054 1783 2234 1861 ἡμέρᾳ
2270 1781 2411 1840 οδοῦ

357 1876 593 1945 saxono.
629 1905 692 1916 -
731 1879 818 1928 ubi
850 1876 1084 1941 obsessus)
1119 1874 1206 1928 Sie
1237 1892 1332 1941 pro
1364 1877 1509 1943 vulg.
1542 1882 1591 1929 et
1621 1879 1833 1929 obsessus
1865 1875 1977 1927 Pal.
2011 1875 2151 1940 Epit.
2188 1873 2271 1926 ed.
2276 1868 2410 1924 Par.

355 1989 419 2001 —
454 1964 706 2027 remosque
738 1960 878 2027 opes]
921 1958 1184 2011 Revoeavi
1223 1959 1361 2011 hane
1393 1960 1669 2031 lectionem
1712 1976 1778 2011 ex
1811 1960 1891 2011 ed.
1924 1976 2002 2025 pr.
2043 1972 2165 2008 nam
2203 1955 2413 2009 minime

355 2056 486 2109 opus
508 2044 734 2094 lectione
755 2047 984 2107 remisque
1006 2044 1193 2106 opibus,
1229 2057 1365 2107 quae
1396 2058 1431 2093 a
1462 2042 1713 2115 Bhenano
1734 2044 1967 2109 profecta
1997 2042 2055 2091 in
2089 2054 2267 2090 omnes
2296 2053 2413 2103 pro-

353 2116 548 2193 pagata
581 2131 662 2177 est
695 2125 813 2179 edd.
847 2156 922 2191 -Ι
953 2125 1133 2191 paene)
1174 2126 1260 2175 Ita
1290 2141 1384 2191 pro
1416 2127 1557 2198 vulg.
1592 2126 1767 2179 dei-nde
1797 2124 1909 2175 Pal.
1944 2124 2119 2175 Ambr.
2152 2122 2259 2189 Mg.
2293 2122 2409 2171 Par.

353 2206 496 2285 Epit.
537 2234 600 2246 —
631 2223 796 2271 paene
826 2211 1089 2269 mammo
1125 2215 1173 2259 ei
1205 2214 1531 2261 trecentesimo
1564 2208 1719 2277 απηο)
1753 2209 1867 2260 Pal.
1896 2224 2059 2276 paene
2092 2209 2192 2257 duo
2214 2210 2412 2256 millen-

353 2294 481 2341 simo
516 2295 564 2339 et
596 2294 922 2342 trecmtenimo
957 2304 1117 2354 anno,
1161 2291 1251 2357 qui
1295 2291 1433 2345 idem
1475 2308 1719 2345 numerus
1750 2295 2003 2357 reperitur
2045 2288 2187 2357 apud
2220 2288 2412 2341 Gotho-

353 2372 485 2449 fred.
518 2362 720 2425 Viterb.
757 2378 810 2423 et
844 2372 1082 2426 Gobelin.
1115 2374 1326 2426 Person.
1394 2374 1570 2429 Ambr.
1604 2380 1778 2427 autem
1814 2390 1977 2439 paene
2018 2376 2117 2423 cluo
2150 2376 2411 2423 millesimo

357 2462 404 2506 et
439 2460 684 2521 :maimo
729 2471 889 2533 αηηο,
933 2457 1042 2523 Mg.
1083 2457 1199 2509 Par.
1237 2474 1405 2521 paene
1444 2460 1687 2511 milesimo
1732 2464 1780 2509 et
1826 2462 2065 2509 tricesimo
2077 2494 2093 2523 ,
2138 2456 2270 2506 Exe.
2304 2458 2412 2519 post

357 2539 416 2588 M
418 2539 505 2589 XL
529 2551 705 2605 annos,
728 2538 872 2604 Epit.
897 2539 1120 2606 denique
1136 2557 1305 2607 paene
1324 2545 1587 2593 millesimo
1610 2548 1658 2591 et
1680 2546 2006 2593 trecentesimo
2026 2542 2233 2595 secundo
2260 2554 2408 2589 anno.

354 2608 468 2672 Iam
508 2636 632 2672 vero
664 2622 930 2689 proposita
973 2624 1113 2675 omni
1150 2625 1208 2673 in
1239 2626 1468 2676 numeris
1499 2625 1780 2688 varietate,
1825 2624 1916 2689 qui
1947 2639 2101 2675 verus
2132 2624 2203 2675 sit
2232 2637 2411 2673 nume-

355 2718 462 2769 rus,
496 2703 888 2771 dispioiendum,
922 2706 1118 2758 monito
1150 2710 1326 2757 tamen
1357 2707 1501 2771 prius
1532 2706 1741 2773 lectore,
1777 2722 1883 2757 non
1914 2708 2002 2773 agi
2032 2706 2135 2769 hie,
2170 2710 2231 2756 nt
2263 2708 2408 2769 puta-

355 2792 544 2838 verunt
588 2788 824 2855 quidam,
870 2788 936 2839 de
982 2804 1072 2855 eo,
1118 2795 1244 2855 quot
1277 2789 1555 2843 Gothicum
1585 2792 1800 2859 regnum
1841 2776 2042 2843 steterit
2082 2801 2278 2854 annos,
2323 2786 2411 2838 sed

355 2874 482 2937 quot
521 2870 586 2921 ab
633 2870 762 2923 urbe
807 2869 1014 2921 condita
1047 2872 1120 2924 ad
1162 2871 1298 2923 illud
1342 2871 1655 2923 destructum
1700 2874 1805 2925 sint
1847 2870 2204 2937 praeterlapsi.
2278 2870 2411 2921 Sunt

355 2957 530 3003 antem
561 2952 604 3003 ii
647 2952 714 3003 ab
749 2951 878 3004 urbe
911 2952 1120 3004 condita
1159 2951 1229 3003 ad
1270 2954 1457 3004 Iustini
1502 2956 1849 3021 consulatum,
1894 2970 1997 3020 quo
2042 2953 2257 3005 tradidit
2300 2966 2411 3004 sese

356 3034 549 3103 vitigis
581 3035 851 3103 BelisariO,
883 3036 1029 3089 mille
1060 3037 1273 3088 ducenti
1304 3040 1586 3104 nonaginta
1616 3043 1745 3091 tres:
1785 3053 1971 3105 quare,
2006 3051 2165 3102 quum
2196 3050 2293 3100 per
2322 3034 2411 3084 ad-

356 3118 546 3184 iectum
573 3133 763 3184 paene,
811 3123 871 3171 ut
903 3136 1060 3187 supra
1092 3137 1139 3176 e.
1173 3123 1259 3176 33.
1304 3138 1398 3189 per
1430 3124 1720 3188 appositum
1750 3125 1879 3187 fere,
1922 3136 2029 3173 non
2072 3125 2317 3172 aeeurate
2360 3122 2410 3169 et

357 3202 617 3262 subtiliter
649 3202 854 3269 exigere
887 3218 944 3255 se
975 3219 1140 3257 annos
1153 3242 1168 3271 ,
1215 3205 1308 3261 sed
1339 3207 1637 3258 rotundiore
1667 3206 1825 3255 malle
1868 3206 1947 3255 uti
1975 3217 2190 3253 numero
2222 3198 2409 3267 prodat

358 3285 593 3337 Iordanis
630 3284 794 3353 (quod
825 3286 946 3339 aliis
979 3288 1136 3339 etiam
1157 3290 1493 3357 scriptoribus
1525 3290 1819 3355 familiare),
1854 3288 2109 3339 sincerum
2141 3290 2196 3336 et
2229 3282 2409 3351 genui-

357 3382 482 3420 num
524 3382 636 3421 esse
679 3375 948 3422 numerum
979 3372 1249 3437 vulgatum
1280 3373 1472 3427 iudico,
1507 3400 1570 3411 -—
1616 3371 1921 3440 coniunctim)
1966 3371 2050 3435 Ita
2080 3367 2193 3419 Pal.
2230 3367 2409 3419 Ambr-

358 3451 502 3517 Epit.
535 3466 629 3517 pro
662 3454 804 3521 vulg.
841 3458 1104 3506 convictus.
1129 3482 1197 3494 —
1225 3458 1383 3519 fratri
1402 3455 1513 3526 mo)
1548 3455 1887 3507 scribendum
1913 3456 2151 3518 fratruele·
2182 3453 2271 3504 vel
2296 3453 2412 3515 fra·

359 3538 454 3583 tris
477 3537 584 3599 filio
618 3536 722 3587 nisi
753 3537 836 3589 sui
883 3537 955 3607 (v.
989 3553 1148 3607 supra
1180 3555 1297 3615 epp.
1332 3542 1411 3593 14.
1448 3539 1557 3609 48.)
1602 3546 1655 3591 et
1696 3540 1945 3613 historiae
1988 3538 2146 3605 plane
2190 3536 2411 3586 oblitum

359 3630 471 3686 esse
509 3618 729 3673 velimus
771 3626 1070 3701 auctorem-3·
1107 3629 1185 3697 est
1217 3626 1363 3697 enim
1394 3618 1621 3703 a’agmptds·
1651 3625 1931 3697 Iustiniani
1959 3625 2084 3689 imp·
2122 3620 2414 3674 German&
