2567 4084
1171 154 1252 219 25

169 368 362 432 sona,
429 348 832 435 Theodosia,
902 349 1183 434 Careon,
1250 350 1633 435 Myrmicion
1689 356 1752 416 et
1808 353 2241 441 Trapezunta,

171 467 334 533 quas
390 448 737 514 indomitae
783 448 1170 535 Scytharum
1226 450 1517 515 nationes
1570 450 1847 517 Graecos
1898 455 2243 539 permisere

170 546 470 631 condere,
515 548 770 615 sibimet
812 550 1190 618 commercia
1230 554 1684 634 praestaturos
1749 550 1828 616 In
1871 553 2052 618 cuius
2078 552 2243 638 Scy-

163 644 346 710 thiae
389 646 597 713 medio
644 654 739 715 est
779 650 980 736 locus,
1027 648 1137 737 qui
1159 648 1387 714 Asiam
1426 648 1879 735 Europamque
1922 650 2006 716 ab
2050 651 2245 717 alter-

167 748 316 810 utro
375 744 638 829 dividit,
695 748 971 834 Riphaei
1012 749 1252 834 scilicet
1298 753 1576 833 monteS,
1637 748 1748 835 qui
1790 749 2042 815 Tanain
2088 772 2242 816 vas-

166 843 487 912 tissimum
529 846 804 913 fundunt
844 848 1188 923 intrantem
1213 846 1558 929 Maeotida,
1605 848 1785 913 cuius
1821 849 2077 934 paludis
2115 850 2243 915 cir-

167 1182 275 1240 est,
325 1176 418 1240 qui
448 1180 640 1227 temere
673 1178 800 1227 satis
832 1177 1112 1227 lectionem
1159 1175 1240 1227 ed.
1275 1192 1355 1240 pr.
1391 1177 1701 1233 immutavit.
1772 1181 1906 1233 Nam
1938 1183 2247 1247 posteriores

167 1264 410 1311 auctores
441 1275 506 1309 ex
538 1259 848 1311 accusativis
880 1260 1136 1325 locorum,
1174 1262 1265 1324 qui
1292 1260 1492 1312 Graeco
1529 1277 1672 1311 more
1704 1262 1762 1311 in
1794 1280 1829 1312 a
1863 1264 2129 1330 desinunt,
2171 1266 2249 1315 fa·

168 1344 322 1393 ciunt
351 1344 740 1407 nominativum,
776 1348 837 1394 ut
859 1344 1106 1409 Narbona,
1145 1344 1371 1407 Persida,
1411 1346 1729 1405 Chalcedona,
1755 1347 2055 1411 Bao-cinam,
2090 1353 2251 1411 atque

167 1426 295 1477 inde
327 1426 556 1491 reliquos
589 1442 739 1477 casus
773 1427 1059 1489 inflectunt,
1095 1441 1200 1490 qua
1232 1425 1297 1476 de
1328 1441 1385 1475 re
1418 1442 1467 1475 v.
1502 1425 1721 1481 Salmas,
1752 1428 1820 1477 ad
1849 1430 1983 1479 Poll.
2022 1429 2246 1479 Gallien.

169 1524 215 1560 c.
252 1512 304 1563 8.
341 1509 586 1560 Arntzen.
624 1509 693 1559 ad
726 1510 980 1573 Panegyr.
1017 1509 1084 1566 X,
1109 1510 1159 1571 9,
1185 1509 1235 1559 4.
1259 1508 1545 1558 Tzschuck.
1571 1508 1640 1559 ad
1661 1509 1879 1575 Eutrop.
1904 1511 1997 1575 IV,
2026 1514 2107 1562 10.
2135 1510 2244 1579 (23)
2294 1535 2296 1537 ·

168 1591 305 1641 Ded.
345 1590 414 1641 ad
445 1592 582 1645 Dict.
613 1593 658 1657 I,
683 1594 729 1643 5.
763 1592 857 1654 IV,
883 1593 933 1643 7.
972 1591 1164 1655 quique
1195 1590 1273 1640 ibi
1295 1590 1587 1642 laudantur.
1628 1622 1696 1631 —
1736 1590 2034 1659 Theodosia)
2070 1594 2249 1645 Ambr.

175 1676 438 1724 Yeadosia.
470 1702 538 1713 —-
585 1676 800 1735 Oareon)
836 1674 924 1726 Sic
957 1674 1091 1726 Pan.
1125 1672 1301 1723 Ambr.
1324 1674 1433 1738 Mg.
1470 1673 1581 1724 edd.
1616 1689 1709 1739 pr.'
1734 1682 1789 1726 et
1808 1676 1927 1726 Par.
1964 1692 2081 1727 cum
2102 1678 2247 1742 Epit.

175 1758 281 1806 nisi
317 1756 456 1821 quod
494 1760 706 1808 Oareone
737 1757 896 1806 haec:
945 1758 1202 1806 consentit
1245 1758 1301 1805 in
1336 1757 1552 1807 eandem
1585 1758 1864 1809 lectionem
1897 1759 1986 1823 qui
2016 1766 2249 1813 nostrum

167 1840 409 1903 sequitur
441 1839 778 1905 Geographus
821 1840 954 1890 Rav.
987 1839 1080 1903 IV,
1115 1841 1165 1888 3.
1202 1839 1278 1903 V,
1318 1841 1395 1888 11.
1434 1839 1527 1890 sed
1561 1840 1643 1895 ed.
1677 1857 1759 1906 pr.
1795 1842 1987 1892 Pareon
2022 1844 2248 1909 exhibet,

173 1921 317 1987 quod
349 1923 406 1971 in
425 1922 642 1973 Par-eone
671 1924 894 1973 mutavit
915 1923 1278 1973 Leunclavius.
1348 1922 1474 1972 Fuit
1508 1937 1666 1987 quum
1704 1926 1909 1974 Carcine
1942 1926 2249 1976 conficerem

167 2004 468 2069 legendum,
505 2019 660 2069 quam
692 2006 875 2056 urbem
907 2007 962 2055 in
995 2006 1104 2057 illis
1136 2006 1437 2071 regionibus
1470 2005 1618 2069 ponit
1651 2005 1795 2055 Mela
1816 2006 1887 2073 11,
1918 2011 1965 2061 1.
1998 2013 2139 2058 recte
2172 2014 2249 2059 ta.-

166 2103 294 2137 men
331 2088 524 2139 habere
556 2089 832 2139 lectionem
858 2092 1060 2154 Oareon,
1095 2094 1214 2154 post
1245 2088 1456 2140 modum
1488 2090 1756 2143 succurrit.
1822 2090 2077 2157 Intelligit
2110 2091 2249 2142 enim

169 2170 412 2221 Iordanis
447 2187 561 2223 eam
594 2172 792 2237 urbem,
838 2188 973 2237 quae
1007 2172 1203 2243 Καρέα
1237 2172 1348 2223 sive
1380 2170 1619 2242 Καρέων
1651 2167 1813 2230 πόλις
1847 2172 1985 2223 dicta
2018 2172 2249 2235 Graecis,

169 2254 300 2305 inde
333 2270 368 2304 a
399 2256 575 2305 seculo
601 2255 694 2305 VI.
729 2270 1102 2320 nonnunquam
1134 2261 1459 2317 memoratur,
1494 2256 1746 2320 cuiusque
1776 2271 1966 2307 nomen
1994 2258 2053 2306 in
2086 2261 2251 2307 totam

165 2338 321 2387 illam
362 2338 706 2403 peninsulam,
762 2338 966 2388 Krimm
995 2340 1154 2389 hodie
1183 2344 1438 2403 vocatam,
1484 2338 1745 2390 transiisse
1786 2339 2006 2390 videtur.
2074 2340 2251 2404 Appo-

169 2436 296 2471 nam
339 2420 404 2470 de
445 2436 510 2471 ea
553 2423 644 2486 qui
684 2437 825 2472 nunc
867 2438 1000 2474 unus
1049 2424 1326 2487 succurrit,
1370 2422 1543 2473 locum
1586 2422 1807 2473 Laonici
1839 2422 2016 2473 Chalc.
2052 2421 2113 2473 L.
2146 2422 2246 2471 m.

169 2518 225 2568 p.
267 2506 382 2553 136.
431 2504 510 2554 ed.
557 2506 725 2555 Bonn.
773 2504 828 2557 οἱ
865 2504 968 2573 μὲν
1001 2494 1101 2557 οὖν
1144 2503 1226 2561 εἰς
1254 2500 1359 2555 »τόν
1391 2500 1686 2577 Βόσπορον
1724 2500 1821 2571 τήν
1852 2496 2020 2569 ἕταύτῃ
2055 2498 2248 2575 χώραν

171 2580 935 2659 ἐπινεμόμενοι-ἀνδράποδα
959 2582 1035 2645 οἷς
1056 2588 1280 2639 πλεῖστα
1304 2581 1568 2657 ἀγόμενοι
1590 2584 1683 2638 ἐπὶ
1703 2581 1800 2639 τόν
1822 2581 2134 2657 Βόσπορον,
2155 2582 2249 2637 ἐπὶ

170 2672 405 2741 Καρέαν
436 2666 746 2722 πόλιν-καὶ
774 2669 854 2729 ἐις
885 2667 981 2739 τήν
1012 2666 1307 2724 Μαιώτιδα
1339 2669 1673 2739 καλουμένην
1705 2670 1895 2737 λίμνην
1924 2662 2249 2737 ἀπάγοντες.

169 2752 416 2804 Ceterum
459 2769 586 2805 eave
599 2790 614 2815 ,
667 2756 881 2815 Car-eone
919 2770 1116 2819 ponas3
1163 2760 1243 2807 est
1288 2756 1427 2807 enim
1476 2758 1662 2807 Uar-eon
1704 2754 1967 2819 genitivus
2016 2752 2249 2818 pluralis,

170 2840 330 2899 aptus
364 2851 430 2886 ex
461 2838 672 2902 oppido,
708 2838 846 2902 quod
869 2854 933 2889 ex
955 2840 1152 2901 oppidis
1173 2838 1526 2902 repetendum.
1566 2868 1625 2876 -—
1663 2834 1981 2903 Myrmidon)
2006 2835 2094 2887 Sic
2114 2836 2253 2889 Pan.

171 2920 468 2969 Mirmiceon
511 2921 687 2970 Ambr.
723 2922 1012 2971 Mimicone
1045 2922 1188 2986 Epit.
1223 2924 1507 2971 Mic-micion
1552 2920 1631 2971 ed.
1678 2934 1758 2983 pr.
1797 2921 1945 2970 cuius
1974 2920 2251 2975 lect-ionem

169 3002 231 3051 in
263 3003 586 3065 Myr-vniam
616 3004 836 3053 mutavit
857 3004 1236 3065 Leunclavius3
1271 3006 1509 3069 pessime,
1546 3018 1703 3067 quum
1726 2997 2075 3074 Μυρμήκιον,
2114 3004 2250 3065 Myr-

170 3090 405 3149 medum,
438 3089 756 3149 Myvmieium
781 3104 928 3140 casus
951 3090 1020 3140 sit
1043 3090 1342 3150 absolutus3
1379 3087 1534 3151 unde,
1570 3087 1673 3136 nisi
1694 3087 1994 3148 Myr-micion
2015 3086 2253 3137 absolute

171 3169 405 3233 positum
426 3174 626 3221 statuas
651 3176 702 3220 et
723 3176 783 3221 ut
804 3172 1118 3223 indeclinale
1140 3186 1233 3236 pro
1256 3187 1399 3222 more
1420 3172 1565 3222 illius
1582 3170 1717 3235 aevi,
1743 3173 2000 3233 Myr-micio
2018 3168 2247 3234 legerim.

173 3278 240 3287 —
282 3252 622 3317 Trapezunta)
657 3254 813 3304 Hanc
845 3256 1120 3305 lectionem
1153 3255 1397 3304 revocavi
1429 3269 1495 3303 ex
1528 3254 1608 3303 ed.
1646 3269 1726 3318 pr.
1759 3268 1854 3317 pro
1886 3252 2026 3316 vulg.
2070 3254 2251 3314 Trape-

171 3339 352 3394 zunte,
399 3350 532 3398 quae
578 3351 611 3384 a
650 3336 972 3388 Leunclavio
1007 3342 1118 3398 est3
1159 3337 1293 3389 Pall.
1322 3340 1653 3399 Ίῐναρείιιηοτα
1698 3337 2014 3400 praeferunt,
2072 3333 2249 3384 Ambr-

177 3418 527 3480 Prapevincta,
569 3419 675 3485 Mg.
710 3420 827 3470 Par.
880 3422 1200 3485 Trapeiama,
1236 3419 1379 3483 Epit.
1438 3421 1790 3481 Trapez-uncta.
1832 3442 1901 3455 -
1952 3420 2161 3468 Graecos
2183 3444 2253 3455 —

171 3498 406 3567 condere)
430 3500 565 3555 Pan.
587 3504 802 3551 Graem‘s.
842 3533 900 3541 —-
941 3506 1172 3553 circtdttw
1188 3518 1434 3565 passuum
1454 3508 1649 3552 centum
1670 3504 1997 3565 quadrayinta
2022 3496 2251 3567 quatuor)

175 3581 422 3633 Eundem
453 3600 726 3636 numerum
763 3584 910 3650 Epit.
944 3584 1251 3649 sistit31ed
1285 3584 1367 3635 ed.
1406 3584 1556 3635 Grut.
1588 3599 1829 3649 passuum
1861 3586 2026 3632 millia
2060 3588 2252 3633 cenmm

174 3669 433 3728 sexaginta
469 3674 706 3732 quatum-3
757 3674 872 3720 utro
921 3674 1098 3720 tamen
1149 3667 1301 3718 modo
1334 3668 1547 3733 legeris,
1584 3668 1747 3717 multo
1799 3667 1970 3717 minor
2004 3680 2249 3717 numerus
