<?xml version="1.0" encoding="UTF-8"?>
<!DOCTYPE html PUBLIC "-//W3C//DTD XHTML 1.0 Transitional//EN"
    "http://www.w3.org/TR/xhtml1/DTD/xhtml1-transitional.dtd">
<html xmlns="http://www.w3.org/1999/xhtml" xml:lang="en" lang="en">
 <head>
  <title>
</title>
<meta http-equiv="Content-Type" content="text/html;charset=utf-8" />
  <meta name='ocr-system' content='tesseract 3.04.00' />
  <meta name='ocr-capabilities' content='ocr_page ocr_carea ocr_par ocr_line ocrx_word'/>
</head>
<body>
  <div class='ocr_page' id='page_1' title='image "./jordanisdegetar00closgoog_0093.png"; bbox 0 0 2567 4084; ppageno 0'>
   <div class='ocr_carea' id='block_1_1' title="bbox 1185 163 1263 227">
    <p class='ocr_par' dir='ltr' id='par_1_1' title="bbox 1185 163 1263 227">
     <span class='ocr_line' id='line_1_1' title="bbox 1185 163 1263 227; baseline 0.013 -1"><span class='ocrx_word' id='word_1_1' title='bbox 1185 163 1263 227; x_wconf 83' lang='lat'>71</span> 
     </span>
    </p>
   </div>
   <div class='ocr_carea' id='block_1_2' title="bbox 180 339 2257 828">
    <p class='ocr_par' dir='ltr' id='par_1_2' title="bbox 180 339 2257 828">
     <span class='ocr_line' id='line_1_2' title="bbox 180 339 2253 430; baseline 0.005 -27"><span class='ocrx_word' id='word_1_2' title='bbox 180 339 498 405; x_wconf 75' lang='lat' dir='ltr'><strong>famosam</strong></span> <span class='ocrx_word' id='word_1_3' title='bbox 541 342 964 429; x_wconf 79' lang='lat' dir='ltr'>metropolim,</span> <span class='ocrx_word' id='word_1_4' title='bbox 995 342 1474 426; x_wconf 82' lang='lat' dir='ltr'>aggrediuntur,</span> <span class='ocrx_word' id='word_1_5' title='bbox 1520 344 1753 430; x_wconf 88' lang='lat' dir='ltr'>diuque</span> <span class='ocrx_word' id='word_1_6' title='bbox 1786 344 2113 413; x_wconf 84' lang='lat' dir='ltr'><strong>obsessam</strong></span> <span class='ocrx_word' id='word_1_7' title='bbox 2142 368 2253 413; x_wconf 85' lang='lat' dir='ltr'>ac-</span> 
     </span>
     <span class='ocr_line' id='line_1_3' title="bbox 182 441 2255 531; baseline 0.002 -26"><span class='ocrx_word' id='word_1_8' title='bbox 182 447 376 525; x_wconf 80' lang='lat' dir='ltr'>cepta</span> <span class='ocrx_word' id='word_1_9' title='bbox 419 444 691 527; x_wconf 87' lang='lat' dir='ltr'>pecunia</span> <span class='ocrx_word' id='word_1_10' title='bbox 746 441 828 505; x_wconf 85' lang='lat' dir='ltr'>ab</span> <span class='ocrx_word' id='word_1_11' title='bbox 872 442 1006 525; x_wconf 85' lang='lat' dir='ltr'>his,</span> <span class='ocrx_word' id='word_1_12' title='bbox 1071 442 1180 527; x_wconf 92' lang='lat' dir='ltr'>qui</span> <span class='ocrx_word' id='word_1_13' title='bbox 1222 441 1499 525; x_wconf 87' lang='lat' dir='ltr'>inerant,</span> <span class='ocrx_word' id='word_1_14' title='bbox 1562 443 1891 529; x_wconf 81' lang='lat' dir='ltr'><strong>reliquere.</strong></span> <span class='ocrx_word' id='word_1_15' title='bbox 1978 444 2062 509; x_wconf 88' lang='lat' dir='ltr'>Et</span> <span class='ocrx_word' id='word_1_16' title='bbox 2104 447 2255 531; x_wconf 89' lang='lat' dir='ltr'>quia</span> 
     </span>
     <span class='ocr_line' id='line_1_4' title="bbox 187 539 2256 627; baseline 0.003 -24"><span class='ocrx_word' id='word_1_17' title='bbox 187 539 715 627; x_wconf 81' lang='lat' dir='ltr'>Marcianopolim</span> <span class='ocrx_word' id='word_1_18' title='bbox 759 541 1262 625; x_wconf 75' lang='lat' dir='ltr'>nominavimus,</span> <span class='ocrx_word' id='word_1_19' title='bbox 1321 540 1481 605; x_wconf 87' lang='lat' dir='ltr'>libet</span> <span class='ocrx_word' id='word_1_20' title='bbox 1522 540 1739 627; x_wconf 85' lang='lat' dir='ltr'>aliqua</span> <span class='ocrx_word' id='word_1_21' title='bbox 1798 541 1877 607; x_wconf 88' lang='lat' dir='ltr'>de</span> <span class='ocrx_word' id='word_1_22' title='bbox 1934 545 2073 607; x_wconf 90' lang='lat' dir='ltr'>eius</span> <span class='ocrx_word' id='word_1_23' title='bbox 2128 545 2256 610; x_wconf 88' lang='lat' dir='ltr'>situ</span> 
     </span>
     <span class='ocr_line' id='line_1_5' title="bbox 183 638 2257 727; baseline 0.001 -24"><span class='ocrx_word' id='word_1_24' title='bbox 183 638 469 704; x_wconf 86' lang='lat' dir='ltr'>breviter</span> <span class='ocrx_word' id='word_1_25' title='bbox 510 642 820 705; x_wconf 85' lang='lat' dir='ltr'>intimare.</span> <span class='ocrx_word' id='word_1_26' title='bbox 899 639 1064 705; x_wconf 83' lang='lat' dir='ltr'>Nam</span> <span class='ocrx_word' id='word_1_27' title='bbox 1108 639 1272 703; x_wconf 83' lang='lat' dir='ltr'>hanc</span> <span class='ocrx_word' id='word_1_28' title='bbox 1316 640 1541 704; x_wconf 88' lang='lat' dir='ltr'>urbem</span> <span class='ocrx_word' id='word_1_29' title='bbox 1570 640 1883 707; x_wconf 89' lang='lat' dir='ltr'>Traianus</span> <span class='ocrx_word' id='word_1_30' title='bbox 1910 642 2257 727; x_wconf 86' lang='lat' dir='ltr'>imperator</span> 
     </span>
     <span class='ocr_line' id='line_1_6' title="bbox 189 738 2255 828; baseline 0.003 -25"><span class='ocrx_word' id='word_1_31' title='bbox 189 738 314 803; x_wconf 89' lang='lat' dir='ltr'>hac</span> <span class='ocrx_word' id='word_1_32' title='bbox 355 760 424 803; x_wconf 91' lang='lat' dir='ltr'>re</span> <span class='ocrx_word' id='word_1_33' title='bbox 466 740 858 817; x_wconf 84' lang='lat' dir='ltr'>aedificavit,</span> <span class='ocrx_word' id='word_1_34' title='bbox 917 748 988 805; x_wconf 89' lang='lat' dir='ltr'>ut</span> <span class='ocrx_word' id='word_1_35' title='bbox 1029 741 1255 824; x_wconf 86' lang='lat' dir='ltr'>fertur,</span> <span class='ocrx_word' id='word_1_36' title='bbox 1318 762 1391 806; x_wconf 89' lang='lat' dir='ltr'>eo</span> <span class='ocrx_word' id='word_1_37' title='bbox 1438 744 1610 827; x_wconf 89' lang='lat' dir='ltr'>quod</span> <span class='ocrx_word' id='word_1_38' title='bbox 1654 744 1961 828; x_wconf 78' lang='lat' dir='ltr'>Marciae,</span> <span class='ocrx_word' id='word_1_39' title='bbox 2023 745 2255 810; x_wconf 87' lang='lat' dir='ltr'>sororis</span> 
     </span>
    </p>
   </div>
   <div class='ocr_carea' id='block_1_3' title="bbox 185 914 2257 1148">
    <p class='ocr_par' dir='ltr' id='par_1_3' title="bbox 185 914 2257 1148">
     <span class='ocr_line' id='line_1_7' title="bbox 188 914 2253 985; baseline 0.001 -21"><span class='ocrx_word' id='word_1_40' title='bbox 188 914 386 979; x_wconf 79' lang='lat' dir='ltr'>fugisse</span> <span class='ocrx_word' id='word_1_41' title='bbox 417 915 570 965; x_wconf 75' lang='lat' dir='ltr'>valde</span> <span class='ocrx_word' id='word_1_42' title='bbox 603 918 832 967; x_wconf 77' lang='lat' dir='ltr'>miretur.</span> <span class='ocrx_word' id='word_1_43' title='bbox 887 917 956 965; x_wconf 87' lang='lat' dir='ltr'>At</span> <span class='ocrx_word' id='word_1_44' title='bbox 989 918 1270 981; x_wconf 83' lang='lat' dir='ltr'>speciosior</span> <span class='ocrx_word' id='word_1_45' title='bbox 1306 923 1385 967; x_wconf 87' lang='lat' dir='ltr'>est</span> <span class='ocrx_word' id='word_1_46' title='bbox 1418 920 1714 969; x_wconf 85' lang='lat' dir='ltr'>coniectura</span> <span class='ocrx_word' id='word_1_47' title='bbox 1755 920 1851 969; x_wconf 81' lang='lat' dir='ltr'>issa</span> <span class='ocrx_word' id='word_1_48' title='bbox 1884 934 2036 983; x_wconf 88' lang='lat' dir='ltr'>quam</span> <span class='ocrx_word' id='word_1_49' title='bbox 2068 918 2253 985; x_wconf 79' lang='lat' dir='ltr'>verior,</span> 
     </span>
     <span class='ocr_line' id='line_1_8' title="bbox 189 997 2257 1065; baseline 0.001 -18"><span class='ocrx_word' id='word_1_50' title='bbox 189 997 396 1047; x_wconf 83' lang='lat' dir='ltr'>etiamsi</span> <span class='ocrx_word' id='word_1_51' title='bbox 443 999 493 1046; x_wconf 89' lang='lat' dir='ltr'>ei</span> <span class='ocrx_word' id='word_1_52' title='bbox 525 998 702 1048; x_wconf 80' lang='lat' dir='ltr'>favent</span> <span class='ocrx_word' id='word_1_53' title='bbox 744 999 838 1047; x_wconf 90' lang='lat' dir='ltr'>illa</span> <span class='ocrx_word' id='word_1_54' title='bbox 873 997 1170 1065; x_wconf 82' lang='lat' dir='ltr'>Geographi</span> <span class='ocrx_word' id='word_1_55' title='bbox 1211 1000 1341 1051; x_wconf 69' lang='lat' dir='ltr'>Rav,</span> <span class='ocrx_word' id='word_1_56' title='bbox 1375 1000 1469 1064; x_wconf 89' lang='lat' dir='ltr'>IV,</span> <span class='ocrx_word' id='word_1_57' title='bbox 1506 1003 1586 1062; x_wconf 87' lang='grc'>16,</span> <span class='ocrx_word' id='word_1_58' title='bbox 1624 1006 1754 1049; x_wconf 84' lang='lat' dir='ltr'><strong>extr.</strong></span> <span class='ocrx_word' id='word_1_59' title='bbox 1788 1003 2166 1063; x_wconf 70' lang='lat' dir='ltr'>Martianopolis</span> <span class='ocrx_word' id='word_1_60' title='bbox 2200 1016 2257 1050; x_wconf 75' lang='lat' dir='ltr'>ex</span> 
     </span>
     <span class='ocr_line' id='line_1_9' title="bbox 185 1079 2255 1148; baseline 0.001 -20"><span class='ocrx_word' id='word_1_61' title='bbox 185 1082 378 1128; x_wconf 70' lang='lat' dir='ltr'>Moesia</span> <span class='ocrx_word' id='word_1_62' title='bbox 411 1080 642 1145; x_wconf 68' lang='lat' dir='ltr'>inferiori</span> <span class='ocrx_word' id='word_1_63' title='bbox 674 1080 731 1147; x_wconf 92' lang='lat' dir='ltr'>(i.</span> <span class='ocrx_word' id='word_1_64' title='bbox 771 1098 815 1131; x_wconf 91' lang='lat' dir='ltr'>e.</span> <span class='ocrx_word' id='word_1_65' title='bbox 853 1079 1102 1148; x_wconf 88' lang='lat' dir='ltr'>secunda)</span> <span class='ocrx_word' id='word_1_66' title='bbox 1135 1081 1362 1143; x_wconf 64' lang='lat' dir='ltr'>pertinet,</span> <span class='ocrx_word' id='word_1_67' title='bbox 1403 1088 1461 1131; x_wconf 74' lang='lat' dir='ltr'>ut</span> <span class='ocrx_word' id='word_1_68' title='bbox 1493 1089 1699 1131; x_wconf 74' lang='lat' dir='ltr'>testatur</span> <span class='ocrx_word' id='word_1_69' title='bbox 1732 1086 1859 1132; x_wconf 77' lang='lat' dir='ltr'>mihi</span> <span class='ocrx_word' id='word_1_70' title='bbox 1890 1085 2117 1131; x_wconf 70' lang='lat' dir='ltr'>Iordanis</span> <span class='ocrx_word' id='word_1_71' title='bbox 2152 1096 2255 1131; x_wconf 73' lang='lat' dir='ltr'>cos-</span> 
     </span>
    </p>
   </div>
   <div class='ocr_carea' id='block_1_4' title="bbox 186 1165 2375 1232">
    <p class='ocr_par' dir='ltr' id='par_1_4' title="bbox 186 1165 2375 1232">
     <span class='ocr_line' id='line_1_10' title="bbox 186 1165 2375 1232; baseline 0.004 -21"><span class='ocrx_word' id='word_1_72' title='bbox 186 1166 504 1226; x_wconf 74' lang='lat' dir='ltr'>moyraphus.</span> <span class='ocrx_word' id='word_1_73' title='bbox 576 1165 708 1214; x_wconf 91' lang='lat' dir='ltr'>Nam</span> <span class='ocrx_word' id='word_1_74' title='bbox 741 1180 823 1215; x_wconf 87' lang='lat' dir='ltr'>res</span> <span class='ocrx_word' id='word_1_75' title='bbox 855 1166 932 1215; x_wconf 87' lang='lat' dir='ltr'>ita</span> <span class='ocrx_word' id='word_1_76' title='bbox 953 1166 1135 1215; x_wconf 85' lang='lat' dir='ltr'>habet:</span> <span class='ocrx_word' id='word_1_77' title='bbox 1170 1172 1289 1229; x_wconf 88' lang='lat' dir='ltr'>post</span> <span class='ocrx_word' id='word_1_78' title='bbox 1311 1168 1583 1217; x_wconf 79' lang='lat' dir='ltr'>transitum</span> <span class='ocrx_word' id='word_1_79' title='bbox 1604 1168 1905 1218; x_wconf 86' lang='lat' dir='ltr'>Danubium</span> <span class='ocrx_word' id='word_1_80' title='bbox 1928 1174 2259 1232; x_wconf 81' lang='lat' dir='ltr'>vastatasque</span> <span class='ocrx_word' id='word_1_81' title='bbox 2352 1207 2375 1219; x_wconf 71' lang='lat'>-</span> 
     </span>
    </p>
   </div>
   <div class='ocr_carea' id='block_1_5' title="bbox 183 1246 2264 2806">
    <p class='ocr_par' dir='ltr' id='par_1_5' title="bbox 183 1246 2264 2806">
     <span class='ocr_line' id='line_1_11' title="bbox 190 1246 2259 1309; baseline 0.003 -14"><span class='ocrx_word' id='word_1_82' title='bbox 190 1246 443 1297; x_wconf 82' lang='lat' dir='ltr'>Moesiam</span> <span class='ocrx_word' id='word_1_83' title='bbox 468 1247 530 1297; x_wconf 86' lang='lat' dir='ltr'>‘et</span> <span class='ocrx_word' id='word_1_84' title='bbox 553 1249 826 1298; x_wconf 77' lang='lat' dir='ltr'>Thraciam</span> <span class='ocrx_word' id='word_1_85' title='bbox 850 1250 1041 1299; x_wconf 76' lang='lat' dir='ltr'>reversi</span> <span class='ocrx_word' id='word_1_86' title='bbox 1073 1254 1195 1299; x_wconf 85' lang='lat' dir='ltr'>sunt</span> <span class='ocrx_word' id='word_1_87' title='bbox 1227 1250 1295 1298; x_wconf 85' lang='lat' dir='ltr'>ad</span> <span class='ocrx_word' id='word_1_88' title='bbox 1328 1264 1423 1301; x_wconf 87' lang='lat' dir='ltr'>sua</span> <span class='ocrx_word' id='word_1_89' title='bbox 1448 1249 1629 1309; x_wconf 76' lang='lat' dir='ltr'>Gothi3</span> <span class='ocrx_word' id='word_1_90' title='bbox 1666 1252 1938 1301; x_wconf 84' lang='lat' dir='ltr'>interiecto</span> <span class='ocrx_word' id='word_1_91' title='bbox 1972 1266 2095 1300; x_wconf 82' lang='lat' dir='ltr'>vero</span> <span class='ocrx_word' id='word_1_92' title='bbox 2130 1258 2259 1301; x_wconf 89' lang='lat' dir='ltr'>tem-</span> 
     </span>
     <span class='ocr_line' id='line_1_12' title="bbox 187 1331 2257 1397; baseline 0.002 -18"><span class='ocrx_word' id='word_1_93' title='bbox 187 1346 318 1395; x_wconf 86' lang='lat' dir='ltr'>pore</span> <span class='ocrx_word' id='word_1_94' title='bbox 351 1331 605 1381; x_wconf 80' lang='lat' dir='ltr'>iterarunt</span> <span class='ocrx_word' id='word_1_95' title='bbox 627 1333 897 1381; x_wconf 83' lang='lat' dir='ltr'>transitum</span> <span class='ocrx_word' id='word_1_96' title='bbox 931 1332 1094 1396; x_wconf 74' lang='lat' dir='ltr'>flmrii,</span> <span class='ocrx_word' id='word_1_97' title='bbox 1129 1334 1385 1383; x_wconf 81' lang='lat' dir='ltr'>iterarunt</span> <span class='ocrx_word' id='word_1_98' title='bbox 1404 1333 1725 1385; x_wconf 76' lang='lat' dir='ltr'>incursiones</span> <span class='ocrx_word' id='word_1_99' title='bbox 1747 1334 1803 1381; x_wconf 88' lang='lat' dir='ltr'>in</span> <span class='ocrx_word' id='word_1_100' title='bbox 1828 1332 1955 1384; x_wconf 85' lang='lat' dir='ltr'>fines</span> <span class='ocrx_word' id='word_1_101' title='bbox 1978 1334 2257 1397; x_wconf 85' lang='lat' dir='ltr'>Romanos,</span> 
     </span>
     <span class='ocr_line' id='line_1_13' title="bbox 185 1400 2257 1481; baseline 0 -18"><span class='ocrx_word' id='word_1_102' title='bbox 185 1414 448 1465; x_wconf 82' lang='lat' dir='ltr'>iterarunt</span> <span class='ocrx_word' id='word_1_103' title='bbox 479 1419 808 1469; x_wconf 76' lang='lat' dir='ltr'>vastationes.</span> <span class='ocrx_word' id='word_1_104' title='bbox 883 1400 1036 1479; x_wconf 73' lang='lat' dir='ltr'>Quod</span> <span class='ocrx_word' id='word_1_105' title='bbox 1074 1418 1282 1480; x_wconf 64' lang='lat' dir='ltr'>etiamsi&gt;</span> <span class='ocrx_word' id='word_1_106' title='bbox 1314 1418 1565 1481; x_wconf 84' lang='lat' dir='ltr'>expressis</span> <span class='ocrx_word' id='word_1_107' title='bbox 1598 1417 1769 1466; x_wconf 81' lang='lat' dir='ltr'>verbis</span> <span class='ocrx_word' id='word_1_108' title='bbox 1803 1432 1909 1466; x_wconf 91' lang='lat' dir='ltr'>non</span> <span class='ocrx_word' id='word_1_109' title='bbox 1940 1421 2116 1464; x_wconf 89' lang='lat' dir='ltr'>narrat</span> <span class='ocrx_word' id='word_1_110' title='bbox 2147 1413 2257 1463; x_wconf 91' lang='lat' dir='ltr'>Ior-</span> 
     </span>
     <span class='ocr_line' id='line_1_14' title="bbox 185 1496 2258 1563; baseline 0.001 -17"><span class='ocrx_word' id='word_1_111' title='bbox 185 1496 358 1561; x_wconf 80' lang='lat' dir='ltr'>danis,</span> <span class='ocrx_word' id='word_1_112' title='bbox 394 1500 740 1563; x_wconf 85' lang='lat' dir='ltr'>colligendum</span> <span class='ocrx_word' id='word_1_113' title='bbox 763 1506 935 1549; x_wconf 90' lang='lat' dir='ltr'>tamen</span> <span class='ocrx_word' id='word_1_114' title='bbox 971 1506 1050 1551; x_wconf 88' lang='lat' dir='ltr'>est</span> <span class='ocrx_word' id='word_1_115' title='bbox 1083 1515 1112 1550; x_wconf 88' lang='lat' dir='ltr'>e</span> <span class='ocrx_word' id='word_1_116' title='bbox 1146 1501 1319 1551; x_wconf 83' lang='lat' dir='ltr'>verbis</span> <span class='ocrx_word' id='word_1_117' title='bbox 1343 1501 1632 1549; x_wconf 74' lang='lat' dir='ltr'>Danubium</span> <span class='ocrx_word' id='word_1_118' title='bbox 1654 1501 1847 1548; x_wconf 76' lang='lat' dir='ltr'>vadati.</span> <span class='ocrx_word' id='word_1_119' title='bbox 1916 1497 2037 1549; x_wconf 89' lang='lat' dir='ltr'>Uno</span> <span class='ocrx_word' id='word_1_120' title='bbox 2064 1498 2258 1562; x_wconf 78' lang='lat' dir='ltr'>quippe</span> 
     </span>
     <span class='ocr_line' id='line_1_15' title="bbox 189 1580 2259 1647; baseline 0 -18"><span class='ocrx_word' id='word_1_121' title='bbox 189 1586 374 1631; x_wconf 85' lang='lat' dir='ltr'>tenore</span> <span class='ocrx_word' id='word_1_122' title='bbox 407 1584 452 1631; x_wconf 86' lang='lat' dir='ltr'>si</span> <span class='ocrx_word' id='word_1_123' title='bbox 483 1598 566 1632; x_wconf 88' lang='lat' dir='ltr'>res</span> <span class='ocrx_word' id='word_1_124' title='bbox 600 1589 746 1647; x_wconf 86' lang='lat' dir='ltr'>gesta</span> <span class='ocrx_word' id='word_1_125' title='bbox 781 1594 916 1633; x_wconf 86' lang='lat' dir='ltr'>esset</span> <span class='ocrx_word' id='word_1_126' title='bbox 933 1593 980 1632; x_wconf 62' lang='lat' dir='ltr'>*a</span> <span class='ocrx_word' id='word_1_127' title='bbox 1015 1582 1226 1645; x_wconf 85' lang='lat' dir='ltr'>Gothis,</span> <span class='ocrx_word' id='word_1_128' title='bbox 1275 1598 1436 1647; x_wconf 88' lang='lat' dir='ltr'>quum</span> <span class='ocrx_word' id='word_1_129' title='bbox 1469 1582 1717 1633; x_wconf 83' lang='lat' dir='ltr'>Moesiam</span> <span class='ocrx_word' id='word_1_130' title='bbox 1760 1586 1813 1631; x_wconf 84' lang='lat' dir='ltr'>et</span> <span class='ocrx_word' id='word_1_131' title='bbox 1846 1580 2121 1631; x_wconf 81' lang='lat' dir='ltr'>Thraciam</span> <span class='ocrx_word' id='word_1_132' title='bbox 2152 1580 2259 1629; x_wconf 87' lang='lat' dir='ltr'>iam</span> 
     </span>
     <span class='ocr_line' id='line_1_16' title="bbox 187 1660 2257 1730; baseline -0.002 -15"><span class='ocrx_word' id='word_1_133' title='bbox 187 1670 474 1728; x_wconf 81' lang='lat' dir='ltr'>occupatas</span> <span class='ocrx_word' id='word_1_134' title='bbox 507 1670 758 1730; x_wconf 86' lang='lat' dir='ltr'>tenerent,</span> <span class='ocrx_word' id='word_1_135' title='bbox 791 1672 854 1717; x_wconf 86' lang='lat' dir='ltr'>ut</span> <span class='ocrx_word' id='word_1_136' title='bbox 873 1667 1276 1717; x_wconf 84' lang='lat' dir='ltr'>transmitterent</span> <span class='ocrx_word' id='word_1_137' title='bbox 1298 1666 1613 1727; x_wconf 83' lang='lat' dir='ltr'>Danubium,</span> <span class='ocrx_word' id='word_1_138' title='bbox 1648 1664 1859 1715; x_wconf 86' lang='lat' dir='ltr'>minime</span> <span class='ocrx_word' id='word_1_139' title='bbox 1894 1664 1969 1713; x_wconf 85' lang='lat' dir='ltr'>eis</span> <span class='ocrx_word' id='word_1_140' title='bbox 1992 1676 2121 1725; x_wconf 88' lang='lat' dir='ltr'>opus</span> <span class='ocrx_word' id='word_1_141' title='bbox 2140 1660 2257 1723; x_wconf 76' lang='lat' dir='ltr'>fuit,</span> 
     </span>
     <span class='ocr_line' id='line_1_17' title="bbox 189 1744 2257 1811; baseline -0.003 -14"><span class='ocrx_word' id='word_1_142' title='bbox 189 1754 254 1797; x_wconf 84' lang='lat' dir='ltr'>ut</span> <span class='ocrx_word' id='word_1_143' title='bbox 287 1750 380 1811; x_wconf 85' lang='lat' dir='ltr'>qui</span> <span class='ocrx_word' id='word_1_144' title='bbox 411 1747 516 1797; x_wconf 89' lang='lat' dir='ltr'>iam</span> <span class='ocrx_word' id='word_1_145' title='bbox 547 1749 743 1799; x_wconf 83' lang='lat' dir='ltr'>dudum</span> <span class='ocrx_word' id='word_1_146' title='bbox 776 1752 1080 1801; x_wconf 79' lang='lat' dir='ltr'>transissent</span> <span class='ocrx_word' id='word_1_147' title='bbox 1112 1764 1244 1799; x_wconf 85' lang='lat' dir='ltr'>eum.</span> <span class='ocrx_word' id='word_1_148' title='bbox 1314 1746 1479 1799; x_wconf 84' lang='lat' dir='ltr'>Favet</span> <span class='ocrx_word' id='word_1_149' title='bbox 1510 1749 1723 1799; x_wconf 85' lang='lat' dir='ltr'>lectioni</span> <span class='ocrx_word' id='word_1_150' title='bbox 1752 1746 1983 1806; x_wconf 64' lang='lat' dir='ltr'>secundo,</span> <span class='ocrx_word' id='word_1_151' title='bbox 2018 1744 2113 1794; x_wconf 85' lang='lat' dir='ltr'>abs</span> <span class='ocrx_word' id='word_1_152' title='bbox 2154 1758 2257 1807; x_wconf 85' lang='lat' dir='ltr'>quo</span> 
     </span>
     <span class='ocr_line' id='line_1_18' title="bbox 185 1828 2259 1896; baseline -0.003 -15"><span class='ocrx_word' id='word_1_153' title='bbox 185 1832 314 1881; x_wconf 86' lang='lat' dir='ltr'>libri</span> <span class='ocrx_word' id='word_1_154' title='bbox 347 1829 488 1881; x_wconf 76' lang='lat' dir='ltr'>stant</span> <span class='ocrx_word' id='word_1_155' title='bbox 519 1832 587 1881; x_wconf 83' lang='lat' dir='ltr'>ad</span> <span class='ocrx_word' id='word_1_156' title='bbox 621 1848 782 1883; x_wconf 84' lang='lat' dir='ltr'>unum</span> <span class='ocrx_word' id='word_1_157' title='bbox 817 1848 1008 1895; x_wconf 86' lang='lat' dir='ltr'>omnes,</span> <span class='ocrx_word' id='word_1_158' title='bbox 1044 1833 1186 1895; x_wconf 85' lang='lat' dir='ltr'>Epit.</span> <span class='ocrx_word' id='word_1_159' title='bbox 1225 1846 1449 1896; x_wconf 89' lang='lat' dir='ltr'>quoque,</span> <span class='ocrx_word' id='word_1_160' title='bbox 1486 1832 1542 1881; x_wconf 93' lang='lat' dir='ltr'>in</span> <span class='ocrx_word' id='word_1_161' title='bbox 1578 1845 1681 1895; x_wconf 90' lang='lat' dir='ltr'>qua</span> <span class='ocrx_word' id='word_1_162' title='bbox 1714 1830 1907 1893; x_wconf 84' lang='lat' dir='ltr'>legitur</span> <span class='ocrx_word' id='word_1_163' title='bbox 1938 1844 2105 1875; x_wconf 73' lang='lat' dir='ltr'>rursus</span> <span class='ocrx_word' id='word_1_164' title='bbox 2126 1828 2259 1875; x_wconf 81' lang='lat' dir='ltr'>Moe-</span> 
     </span>
     <span class='ocr_line' id='line_1_19' title="bbox 183 1910 2263 1977; baseline -0.002 -15"><span class='ocrx_word' id='word_1_165' title='bbox 183 1918 322 1962; x_wconf 75' lang='lat' dir='ltr'>siam</span> <span class='ocrx_word' id='word_1_166' title='bbox 369 1918 617 1977; x_wconf 77' lang='lat' dir='ltr'>populati.</span> <span class='ocrx_word' id='word_1_167' title='bbox 672 1940 740 1951; x_wconf 94' lang='lat'>—</span> <span class='ocrx_word' id='word_1_168' title='bbox 805 1916 1243 1977; x_wconf 76' lang='lat' dir='ltr'>Marcianopolim)</span> <span class='ocrx_word' id='word_1_169' title='bbox 1294 1914 1443 1963; x_wconf 89' lang='lat' dir='ltr'>Haec</span> <span class='ocrx_word' id='word_1_170' title='bbox 1493 1920 1572 1963; x_wconf 85' lang='lat' dir='ltr'>est</span> <span class='ocrx_word' id='word_1_171' title='bbox 1624 1912 1803 1961; x_wconf 70' lang='lat' dir='ltr'>lectio,</span> <span class='ocrx_word' id='word_1_172' title='bbox 1827 1910 2067 1975; x_wconf 82' lang='lat' dir='ltr'>vulgata,</span> <span class='ocrx_word' id='word_1_173' title='bbox 2129 1922 2263 1973; x_wconf 86' lang='lat' dir='ltr'>quae</span> 
     </span>
     <span class='ocr_line' id='line_1_20' title="bbox 193 1994 2262 2063; baseline -0.002 -17"><span class='ocrx_word' id='word_1_174' title='bbox 193 1998 410 2047; x_wconf 87' lang='lat' dir='ltr'>minime</span> <span class='ocrx_word' id='word_1_175' title='bbox 447 1998 693 2053; x_wconf 82' lang='lat' dir='ltr'>tentanda</span> <span class='ocrx_word' id='word_1_176' title='bbox 727 2004 806 2049; x_wconf 88' lang='lat' dir='ltr'>est</span> <span class='ocrx_word' id='word_1_177' title='bbox 846 2014 949 2049; x_wconf 91' lang='lat' dir='ltr'>non</span> <span class='ocrx_word' id='word_1_178' title='bbox 983 2000 1151 2048; x_wconf 89' lang='lat' dir='ltr'>solum</span> <span class='ocrx_word' id='word_1_179' title='bbox 1187 2000 1309 2063; x_wconf 88' lang='lat' dir='ltr'>quia</span> <span class='ocrx_word' id='word_1_180' title='bbox 1342 2014 1375 2047; x_wconf 92' lang='lat' dir='ltr'>a</span> <span class='ocrx_word' id='word_1_181' title='bbox 1404 2000 1599 2047; x_wconf 79' lang='lat' dir='ltr'>Marcia</span> <span class='ocrx_word' id='word_1_182' title='bbox 1633 2012 1821 2046; x_wconf 88' lang='lat' dir='ltr'>nomen</span> <span class='ocrx_word' id='word_1_183' title='bbox 1854 1994 2155 2058; x_wconf 86' lang='lat' dir='ltr'>deductum,</span> <span class='ocrx_word' id='word_1_184' title='bbox 2202 1998 2262 2042; x_wconf 87' lang='lat' dir='ltr'>ut</span> 
     </span>
     <span class='ocr_line' id='line_1_21' title="bbox 189 2078 2261 2147; baseline -0.002 -18"><span class='ocrx_word' id='word_1_185' title='bbox 189 2079 434 2129; x_wconf 81' lang='lat' dir='ltr'>Iordanis</span> <span class='ocrx_word' id='word_1_186' title='bbox 467 2080 674 2145; x_wconf 89' lang='lat' dir='ltr'>quidem</span> <span class='ocrx_word' id='word_1_187' title='bbox 707 2082 880 2145; x_wconf 85' lang='lat' dir='ltr'>tradit,</span> <span class='ocrx_word' id='word_1_188' title='bbox 924 2083 1016 2131; x_wconf 88' lang='lat' dir='ltr'>sed</span> <span class='ocrx_word' id='word_1_189' title='bbox 1051 2082 1221 2145; x_wconf 87' lang='lat' dir='ltr'>etiam,</span> <span class='ocrx_word' id='word_1_190' title='bbox 1260 2082 1382 2145; x_wconf 88' lang='lat' dir='ltr'>quia</span> <span class='ocrx_word' id='word_1_191' title='bbox 1418 2078 1626 2129; x_wconf 83' lang='lat' dir='ltr'>Graecis</span> <span class='ocrx_word' id='word_1_192' title='bbox 1658 2092 1861 2143; x_wconf 87' lang='lat' dir='ltr'>semper</span> <span class='ocrx_word' id='word_1_193' title='bbox 1892 2082 1969 2127; x_wconf 89' lang='lat' dir='ltr'>est</span> <span class='ocrx_word' id='word_1_194' title='bbox 2002 2080 2261 2147; x_wconf 81' lang='grc' dir='ltr'><strong><em>Μαρκια-</em></strong></span> 
     </span>
     <span class='ocr_line' id='line_1_22' title="bbox 193 2158 2264 2233; baseline -0.002 -20"><span class='ocrx_word' id='word_1_195' title='bbox 193 2158 426 2219; x_wconf 61' lang='lat' dir='ltr'>minem</span> <span class='ocrx_word' id='word_1_196' title='bbox 469 2164 579 2213; x_wconf 79' lang='lat' dir='ltr'>sive</span> <span class='ocrx_word' id='word_1_197' title='bbox 626 2158 1116 2233; x_wconf 79' lang='grc' dir='ltr'><strong><em>Μαρκιανούπολις</em></strong></span> <span class='ocrx_word' id='word_1_198' title='bbox 1162 2167 1284 2216; x_wconf 88' lang='lat' dir='ltr'>urbs</span> <span class='ocrx_word' id='word_1_199' title='bbox 1330 2166 1451 2215; x_wconf 83' lang='lat' dir='ltr'>illa:</span> <span class='ocrx_word' id='word_1_200' title='bbox 1508 2160 1789 2213; x_wconf 82' lang='lat' dir='ltr'>reficienda</span> <span class='ocrx_word' id='word_1_201' title='bbox 1845 2176 1967 2227; x_wconf 86' lang='lat' dir='ltr'>ergo</span> <span class='ocrx_word' id='word_1_202' title='bbox 2010 2160 2264 2224; x_wconf 83' lang='lat' dir='ltr'>scriptura</span> 
     </span>
     <span class='ocr_line' id='line_1_23' title="bbox 193 2244 2262 2313; baseline -0.002 -18"><span class='ocrx_word' id='word_1_203' title='bbox 193 2248 612 2311; x_wconf 72' lang='lat' dir='ltr'>Martianopolis,</span> <span class='ocrx_word' id='word_1_204' title='bbox 650 2262 802 2310; x_wconf 88' lang='lat' dir='ltr'>quam</span> <span class='ocrx_word' id='word_1_205' title='bbox 839 2246 1178 2313; x_wconf 81' lang='lat' dir='ltr'>Geographus</span> <span class='ocrx_word' id='word_1_206' title='bbox 1208 2248 1339 2296; x_wconf 81' lang='lat' dir='ltr'>Rav,</span> <span class='ocrx_word' id='word_1_207' title='bbox 1376 2248 1409 2297; x_wconf 90' lang='lat'>1.</span> <span class='ocrx_word' id='word_1_208' title='bbox 1448 2247 1483 2295; x_wconf 91' lang='lat'>1.</span> <span class='ocrx_word' id='word_1_209' title='bbox 1527 2246 1669 2310; x_wconf 86' lang='lat' dir='ltr'>Epit.</span> <span class='ocrx_word' id='word_1_210' title='bbox 1704 2245 1857 2294; x_wconf 84' lang='lat' dir='ltr'>Bonf.</span> <span class='ocrx_word' id='word_1_211' title='bbox 1895 2244 2157 2293; x_wconf 81' lang='lat' dir='ltr'>exhibent.</span> <span class='ocrx_word' id='word_1_212' title='bbox 2192 2268 2262 2281; x_wconf 88' lang='lat'>—-</span> 
     </span>
     <span class='ocr_line' id='line_1_24' title="bbox 192 2323 2261 2394; baseline -0.001 -16"><span class='ocrx_word' id='word_1_213' title='bbox 192 2330 570 2393; x_wconf 74' lang='lat' dir='ltr'>ayyrediumur)</span> <span class='ocrx_word' id='word_1_214' title='bbox 615 2330 710 2379; x_wconf 87' lang='lat' dir='ltr'>Ed.</span> <span class='ocrx_word' id='word_1_215' title='bbox 748 2345 826 2394; x_wconf 86' lang='lat' dir='ltr'>pr.</span> <span class='ocrx_word' id='word_1_216' title='bbox 863 2332 1172 2391; x_wconf 67' lang='lat' dir='ltr'>eyrediunrur</span> <span class='ocrx_word' id='word_1_217' title='bbox 1185 2349 1202 2378; x_wconf 91' lang='lat'>.·</span> <span class='ocrx_word' id='word_1_218' title='bbox 1248 2330 1543 2381; x_wconf 85' lang='lat' dir='ltr'>emendavit</span> <span class='ocrx_word' id='word_1_219' title='bbox 1574 2330 1873 2383; x_wconf 84' lang='lat' dir='ltr'>Rhenanus.</span> <span class='ocrx_word' id='word_1_220' title='bbox 1907 2355 1976 2367; x_wconf 89' lang='lat'>—</span> <span class='ocrx_word' id='word_1_221' title='bbox 2018 2323 2261 2388; x_wconf 72' lang='lat' dir='ltr'>Marcia‘e)</span> 
     </span>
     <span class='ocr_line' id='line_1_25' title="bbox 204 2408 2261 2477; baseline -0.002 -14"><span class='ocrx_word' id='word_1_222' title='bbox 204 2414 348 2463; x_wconf 84' lang='lat' dir='ltr'>Male</span> <span class='ocrx_word' id='word_1_223' title='bbox 381 2412 523 2477; x_wconf 83' lang='lat' dir='ltr'>Epit.</span> <span class='ocrx_word' id='word_1_224' title='bbox 561 2429 678 2463; x_wconf 90' lang='lat' dir='ltr'>cum</span> <span class='ocrx_word' id='word_1_225' title='bbox 710 2412 859 2463; x_wconf 81' lang='lat' dir='ltr'>Bonf.</span> <span class='ocrx_word' id='word_1_226' title='bbox 887 2414 1124 2474; x_wconf 74' lang='lat' dir='ltr'>Martiae3</span> <span class='ocrx_word' id='word_1_227' title='bbox 1161 2414 1240 2463; x_wconf 89' lang='lat' dir='ltr'>ed.</span> <span class='ocrx_word' id='word_1_228' title='bbox 1277 2412 1563 2463; x_wconf 85' lang='lat' dir='ltr'>Lindenbr.</span> <span class='ocrx_word' id='word_1_229' title='bbox 1587 2412 1872 2461; x_wconf 61' lang='lat' dir='ltr'>Marc-ianae</span> <span class='ocrx_word' id='word_1_230' title='bbox 1906 2412 2133 2473; x_wconf 84' lang='lat' dir='ltr'>exhibet,</span> <span class='ocrx_word' id='word_1_231' title='bbox 2169 2408 2261 2459; x_wconf 86' lang='lat' dir='ltr'>sed</span> 
     </span>
     <span class='ocr_line' id='line_1_26' title="bbox 203 2492 2264 2561; baseline -0.003 -15"><span class='ocrx_word' id='word_1_232' title='bbox 203 2512 234 2546; x_wconf 88' lang='lat' dir='ltr'>e</span> <span class='ocrx_word' id='word_1_233' title='bbox 259 2492 569 2561; x_wconf 67' lang='lat' dir='ltr'>coniectura.</span> <span class='ocrx_word' id='word_1_234' title='bbox 615 2498 958 2557; x_wconf 74' lang='lat' dir='ltr'>„Marcianum</span> <span class='ocrx_word' id='word_1_235' title='bbox 979 2524 1046 2534; x_wconf 93' lang='lat'>-—</span> <span class='ocrx_word' id='word_1_236' title='bbox 1069 2497 1239 2561; x_wconf 88' lang='lat' dir='ltr'>inquit</span> <span class='ocrx_word' id='word_1_237' title='bbox 1261 2498 1342 2545; x_wconf 79' lang='lat' dir='ltr'>vir</span> <span class='ocrx_word' id='word_1_238' title='bbox 1366 2496 1685 2545; x_wconf 86' lang='lat' dir='ltr'>doctissimus</span> <span class='ocrx_word' id='word_1_239' title='bbox 1714 2524 1769 2533; x_wconf 90' lang='lat'>-·</span> <span class='ocrx_word' id='word_1_240' title='bbox 1800 2508 2027 2544; x_wconf 87' lang='lat' dir='ltr'>sororem</span> <span class='ocrx_word' id='word_1_241' title='bbox 2050 2492 2264 2543; x_wconf 80' lang='lat' dir='ltr'>Traiani</span> 
     </span>
     <span class='ocr_line' id='line_1_27' title="bbox 191 2576 2263 2643; baseline -0.002 -16"><span class='ocrx_word' id='word_1_242' title='bbox 191 2586 436 2627; x_wconf 79' lang='lat' dir='ltr'>vocatam</span> <span class='ocrx_word' id='word_1_243' title='bbox 471 2580 646 2643; x_wconf 85' lang='lat' dir='ltr'>fuisse,</span> <span class='ocrx_word' id='word_1_244' title='bbox 680 2595 784 2629; x_wconf 89' lang='lat' dir='ltr'>non</span> <span class='ocrx_word' id='word_1_245' title='bbox 808 2580 1069 2642; x_wconf 85' lang='lat' dir='ltr'>Marciam,</span> <span class='ocrx_word' id='word_1_246' title='bbox 1106 2594 1172 2628; x_wconf 81' lang='lat' dir='ltr'>ex</span> <span class='ocrx_word' id='word_1_247' title='bbox 1203 2580 1365 2627; x_wconf 83' lang='lat' dir='ltr'>veteri</span> <span class='ocrx_word' id='word_1_248' title='bbox 1388 2578 1723 2643; x_wconf 87' lang='lat' dir='ltr'>inscriptione</span> <span class='ocrx_word' id='word_1_249' title='bbox 1758 2583 1959 2627; x_wconf 86' lang='lat' dir='ltr'>constat</span> <span class='ocrx_word' id='word_1_250' title='bbox 1994 2581 2046 2625; x_wconf 90' lang='lat' dir='ltr'>et</span> <span class='ocrx_word' id='word_1_251' title='bbox 2080 2577 2135 2624; x_wconf 92' lang='lat' dir='ltr'>in</span> <span class='ocrx_word' id='word_1_252' title='bbox 2172 2576 2263 2625; x_wconf 91' lang='lat' dir='ltr'>ob-</span> 
     </span>
     <span class='ocr_line' id='line_1_28' title="bbox 193 2660 2264 2726; baseline -0.001 -17"><span class='ocrx_word' id='word_1_253' title='bbox 193 2662 577 2711; x_wconf 78' lang='lat' dir='ltr'>servationibus</span> <span class='ocrx_word' id='word_1_254' title='bbox 611 2662 679 2711; x_wconf 90' lang='lat' dir='ltr'>ad</span> <span class='ocrx_word' id='word_1_255' title='bbox 712 2662 966 2711; x_wconf 85' lang='lat' dir='ltr'>Ammian.</span> <span class='ocrx_word' id='word_1_256' title='bbox 1003 2662 1092 2711; x_wconf 88' lang='lat' dir='ltr'>lib.</span> <span class='ocrx_word' id='word_1_257' title='bbox 1131 2662 1208 2711; x_wconf 84' lang='lat'>18.</span> <span class='ocrx_word' id='word_1_258' title='bbox 1248 2660 1317 2725; x_wconf 79' lang='lat' dir='ltr'>(c.</span> <span class='ocrx_word' id='word_1_259' title='bbox 1349 2663 1398 2723; x_wconf 82' lang='lat'>4,</span> <span class='ocrx_word' id='word_1_260' title='bbox 1439 2661 1542 2726; x_wconf 79' lang='lat'><strong>12.)</strong></span> <span class='ocrx_word' id='word_1_261' title='bbox 1576 2660 1803 2709; x_wconf 82' lang='lat' dir='ltr'>notavi.“</span> <span class='ocrx_word' id='word_1_262' title='bbox 1872 2660 1943 2709; x_wconf 83' lang='lat' dir='ltr'>Et</span> <span class='ocrx_word' id='word_1_263' title='bbox 1977 2660 2264 2707; x_wconf 70' lang='lat' dir='ltr'>Mar-cinnae</span> 
     </span>
     <span class='ocr_line' id='line_1_29' title="bbox 189 2738 2262 2806; baseline -0.001 -15"><span class='ocrx_word' id='word_1_264' title='bbox 189 2756 340 2805; x_wconf 83' lang='lat' dir='ltr'>sane,</span> <span class='ocrx_word' id='word_1_265' title='bbox 375 2759 480 2792; x_wconf 90' lang='lat' dir='ltr'>non</span> <span class='ocrx_word' id='word_1_266' title='bbox 502 2746 736 2806; x_wconf 79' lang='lat' dir='ltr'>Marciae,</span> <span class='ocrx_word' id='word_1_267' title='bbox 772 2760 952 2795; x_wconf 83' lang='lat' dir='ltr'>verum</span> <span class='ocrx_word' id='word_1_268' title='bbox 985 2745 1146 2793; x_wconf 85' lang='lat' dir='ltr'>fuisse</span> <span class='ocrx_word' id='word_1_269' title='bbox 1170 2742 1384 2793; x_wconf 83' lang='lat' dir='ltr'>Traiani</span> <span class='ocrx_word' id='word_1_270' title='bbox 1418 2746 1605 2795; x_wconf 88' lang='lat' dir='ltr'>sororis</span> <span class='ocrx_word' id='word_1_271' title='bbox 1638 2759 1844 2806; x_wconf 88' lang='lat' dir='ltr'>nomen,</span> <span class='ocrx_word' id='word_1_272' title='bbox 1882 2743 2087 2793; x_wconf 86' lang='lat' dir='ltr'>etiamsi</span> <span class='ocrx_word' id='word_1_273' title='bbox 2122 2738 2262 2805; x_wconf 78' lang='lat' dir='ltr'>apud</span> 
     </span>
    </p>
   </div>
   <div class='ocr_carea' id='block_1_6' title="bbox 191 2824 2261 2977">
    <p class='ocr_par' dir='ltr' id='par_1_6' title="bbox 191 2824 2261 2977">
     <span class='ocr_line' id='line_1_30' title="bbox 191 2824 2260 2892; baseline -0.001 -15"><span class='ocrx_word' id='word_1_274' title='bbox 191 2828 470 2891; x_wconf 73' lang='lat' dir='ltr'>scriptores</span> <span class='ocrx_word' id='word_1_275' title='bbox 491 2843 594 2877; x_wconf 90' lang='lat' dir='ltr'>non</span> <span class='ocrx_word' id='word_1_276' title='bbox 620 2829 827 2892; x_wconf 85' lang='lat' dir='ltr'>legitur,</span> <span class='ocrx_word' id='word_1_277' title='bbox 853 2830 1100 2877; x_wconf 86' lang='lat' dir='ltr'>evincunt</span> <span class='ocrx_word' id='word_1_278' title='bbox 1131 2833 1237 2876; x_wconf 90' lang='lat' dir='ltr'>tam</span> <span class='ocrx_word' id='word_1_279' title='bbox 1271 2826 1472 2891; x_wconf 89' lang='lat' dir='ltr'>lapides</span> <span class='ocrx_word' id='word_1_280' title='bbox 1507 2843 1663 2892; x_wconf 88' lang='lat' dir='ltr'>quam</span> <span class='ocrx_word' id='word_1_281' title='bbox 1697 2829 1869 2877; x_wconf 74' lang='lat' dir='ltr'>numit</span> <span class='ocrx_word' id='word_1_282' title='bbox 1904 2828 1979 2875; x_wconf 86' lang='lat' dir='ltr'>ita</span> <span class='ocrx_word' id='word_1_283' title='bbox 2013 2828 2069 2875; x_wconf 85' lang='lat' dir='ltr'>in</span> <span class='ocrx_word' id='word_1_284' title='bbox 2094 2824 2260 2875; x_wconf 84' lang='lat' dir='ltr'>Anco·</span> 
     </span>
     <span class='ocr_line' id='line_1_31' title="bbox 193 2906 2261 2977; baseline -0.001 -19"><span class='ocrx_word' id='word_1_285' title='bbox 193 2912 378 2959; x_wconf 84' lang='lat' dir='ltr'>nitano</span> <span class='ocrx_word' id='word_1_286' title='bbox 403 2912 596 2959; x_wconf 83' lang='lat' dir='ltr'>fornice</span> <span class='ocrx_word' id='word_1_287' title='bbox 615 2910 782 2976; x_wconf 78' lang='lat' dir='ltr'>(Gi-ut.</span> <span class='ocrx_word' id='word_1_288' title='bbox 796 2925 850 2976; x_wconf 85' lang='lat' dir='ltr'>p.</span> <span class='ocrx_word' id='word_1_289' title='bbox 863 2912 978 2963; x_wconf 78' lang='lat'><strong>247.</strong></span> <span class='ocrx_word' id='word_1_290' title='bbox 995 2913 1143 2977; x_wconf 85' lang='lat' dir='ltr'>extr.)</span> <span class='ocrx_word' id='word_1_291' title='bbox 1161 2910 1238 2959; x_wconf 91' lang='lat' dir='ltr'>DI</span> <span class='ocrx_word' id='word_1_292' title='bbox 1246 2910 1375 2961; x_wconf 84' lang='lat' dir='ltr'>VAE</span> <span class='ocrx_word' id='word_1_293' title='bbox 1394 2910 1801 2963; x_wconf 84' lang='lat' dir='ltr'>MARCIANAE</span> <span class='ocrx_word' id='word_1_294' title='bbox 1820 2909 1978 2960; x_wconf 75' lang='lat' dir='ltr'><strong>AVG.</strong></span> <span class='ocrx_word' id='word_1_295' title='bbox 1998 2906 2261 2959; x_wconf 85' lang='lat' dir='ltr'><strong>SORORI</strong></span> 
     </span>
    </p>
   </div>
   <div class='ocr_carea' id='block_1_7' title="bbox 195 2990 2365 3058">
    <p class='ocr_par' dir='ltr' id='par_1_7' title="bbox 195 2990 2365 3058">
     <span class='ocr_line' id='line_1_32' title="bbox 195 2990 2365 3058; baseline -0.001 -16"><span class='ocrx_word' id='word_1_296' title='bbox 195 2993 356 3043; x_wconf 77' lang='lat' dir='ltr'>AVG.</span> <span class='ocrx_word' id='word_1_297' title='bbox 375 2995 433 3043; x_wconf 88' lang='lat' dir='ltr'>in</span> <span class='ocrx_word' id='word_1_298' title='bbox 450 2996 780 3045; x_wconf 84' lang='lat' dir='ltr'>monumento</span> <span class='ocrx_word' id='word_1_299' title='bbox 803 2995 858 3043; x_wconf 90' lang='lat' dir='ltr'>in</span> <span class='ocrx_word' id='word_1_300' title='bbox 881 2996 1044 3045; x_wconf 85' lang='lat' dir='ltr'>ruinis</span> <span class='ocrx_word' id='word_1_301' title='bbox 1067 3002 1351 3045; x_wconf 86' lang='lat' dir='ltr'>castrorum</span> <span class='ocrx_word' id='word_1_302' title='bbox 1363 2994 1595 3045; x_wconf 86' lang='lat' dir='ltr'>Washel.</span> <span class='ocrx_word' id='word_1_303' title='bbox 1616 3001 1817 3057; x_wconf 88' lang='lat' dir='ltr'>reperto</span> <span class='ocrx_word' id='word_1_304' title='bbox 1836 2992 2005 3058; x_wconf 83' lang='lat' dir='ltr'>(Grut.</span> <span class='ocrx_word' id='word_1_305' title='bbox 2020 3008 2073 3057; x_wconf 89' lang='lat' dir='ltr'>p.</span> <span class='ocrx_word' id='word_1_306' title='bbox 2089 2994 2171 3055; x_wconf 85' lang='lat'>46,</span> <span class='ocrx_word' id='word_1_307' title='bbox 2196 2990 2265 3057; x_wconf 90' lang='lat'>1.)</span> <span class='ocrx_word' id='word_1_308' title='bbox 2360 3041 2365 3046; x_wconf 74' lang='grc'>,</span> 
     </span>
    </p>
   </div>
   <div class='ocr_carea' id='block_1_8' title="bbox 193 3072 2271 3729">
    <p class='ocr_par' dir='ltr' id='par_1_8' title="bbox 193 3072 2271 3729">
     <span class='ocr_line' id='line_1_33' title="bbox 197 3072 2267 3129; baseline -0.002 -2"><span class='ocrx_word' id='word_1_309' title='bbox 197 3078 350 3128; x_wconf 86' lang='lat' dir='ltr'>DEO</span> <span class='ocrx_word' id='word_1_310' title='bbox 402 3078 720 3129; x_wconf 84' lang='lat' dir='ltr'>HERCVLI</span> <span class='ocrx_word' id='word_1_311' title='bbox 768 3078 906 3129; x_wconf 86' lang='lat' dir='ltr'>PRO</span> <span class='ocrx_word' id='word_1_312' title='bbox 959 3078 1234 3129; x_wconf 68' lang='lat' dir='ltr'><strong>SA‘LVTE</strong></span> <span class='ocrx_word' id='word_1_313' title='bbox 1287 3077 1443 3129; x_wconf 84' lang='lat' dir='ltr'>DIVI</span> <span class='ocrx_word' id='word_1_314' title='bbox 1487 3076 1775 3127; x_wconf 79' lang='lat' dir='ltr'><strong>TRAIANI</strong></span> <span class='ocrx_word' id='word_1_315' title='bbox 1819 3074 2127 3126; x_wconf 78' lang='lat' dir='ltr'><strong>AVGVSTI</strong></span> <span class='ocrx_word' id='word_1_316' title='bbox 2172 3072 2267 3123; x_wconf 84' lang='grc' dir='ltr'>ΕΤ</span> 
     </span>
     <span class='ocr_line' id='line_1_34' title="bbox 200 3158 2265 3213; baseline -0.003 -2"><span class='ocrx_word' id='word_1_317' title='bbox 200 3162 612 3211; x_wconf 82' lang='lat' dir='ltr'>MARCIANAE</span> <span class='ocrx_word' id='word_1_318' title='bbox 645 3160 944 3213; x_wconf 87' lang='lat' dir='ltr'><strong>SORORIS</strong></span> <span class='ocrx_word' id='word_1_319' title='bbox 980 3162 1142 3213; x_wconf 78' lang='lat' dir='ltr'>AVG.</span> <span class='ocrx_word' id='word_1_320' title='bbox 1179 3160 1492 3213; x_wconf 85' lang='lat' dir='ltr'>COLONIA</span> <span class='ocrx_word' id='word_1_321' title='bbox 1522 3160 1681 3211; x_wconf 84' lang='lat' dir='ltr'><strong>DAG.</strong></span> <span class='ocrx_word' id='word_1_322' title='bbox 1714 3158 1985 3211; x_wconf 81' lang='lat' dir='ltr'>SARMIZ.</span> <span class='ocrx_word' id='word_1_323' title='bbox 2020 3159 2077 3207; x_wconf 88' lang='lat' dir='ltr'>in</span> <span class='ocrx_word' id='word_1_324' title='bbox 2111 3172 2265 3206; x_wconf 89' lang='lat' dir='ltr'>numo</span> 
     </span>
     <span class='ocr_line' id='line_1_35' title="bbox 195 3242 2268 3309; baseline -0.002 -16"><span class='ocrx_word' id='word_1_325' title='bbox 195 3243 426 3308; x_wconf 72' lang='lat' dir='ltr'>denique</span> <span class='ocrx_word' id='word_1_326' title='bbox 471 3245 612 3309; x_wconf 89' lang='lat' dir='ltr'>apud</span> <span class='ocrx_word' id='word_1_327' title='bbox 657 3246 906 3296; x_wconf 86' lang='lat' dir='ltr'>Vaillant.</span> <span class='ocrx_word' id='word_1_328' title='bbox 951 3246 1126 3295; x_wconf 84' lang='lat' dir='ltr'>DIVA</span> <span class='ocrx_word' id='word_1_329' title='bbox 1169 3242 1497 3295; x_wconf 76' lang='lat' dir='ltr'><strong>AVGVSTA</strong></span> <span class='ocrx_word' id='word_1_330' title='bbox 1538 3243 1919 3295; x_wconf 73' lang='lat' dir='ltr'>MARCIANA.</span> <span class='ocrx_word' id='word_1_331' title='bbox 1983 3242 2168 3303; x_wconf 85' lang='lat' dir='ltr'>Itaque</span> <span class='ocrx_word' id='word_1_332' title='bbox 2206 3242 2268 3289; x_wconf 86' lang='lat' dir='ltr'>ut</span> 
     </span>
     <span class='ocr_line' id='line_1_36' title="bbox 199 3324 2269 3394; baseline -0.002 -18"><span class='ocrx_word' id='word_1_333' title='bbox 199 3328 483 3391; x_wconf 80' lang='lat' dir='ltr'>recipiatur</span> <span class='ocrx_word' id='word_1_334' title='bbox 515 3328 670 3394; x_wconf 84' lang='lat' dir='ltr'>lectio</span> <span class='ocrx_word' id='word_1_335' title='bbox 687 3330 992 3389; x_wconf 74' lang='lat' dir='ltr'>Marciunae,</span> <span class='ocrx_word' id='word_1_336' title='bbox 1027 3328 1272 3379; x_wconf 74' lang='lat' dir='ltr'>videntur</span> <span class='ocrx_word' id='word_1_337' title='bbox 1304 3327 1522 3377; x_wconf 85' lang='lat' dir='ltr'>suadere</span> <span class='ocrx_word' id='word_1_338' title='bbox 1557 3332 1611 3376; x_wconf 89' lang='lat' dir='ltr'>et</span> <span class='ocrx_word' id='word_1_339' title='bbox 1642 3326 1844 3390; x_wconf 86' lang='lat' dir='ltr'>lapides</span> <span class='ocrx_word' id='word_1_340' title='bbox 1876 3330 1931 3375; x_wconf 85' lang='lat' dir='ltr'>et</span> <span class='ocrx_word' id='word_1_341' title='bbox 1960 3324 2119 3373; x_wconf 87' lang='lat' dir='ltr'>numi.</span> <span class='ocrx_word' id='word_1_342' title='bbox 2170 3324 2269 3373; x_wconf 77' lang='lat' dir='ltr'>Ao·</span> 
     </span>
     <span class='ocr_line' id='line_1_37' title="bbox 197 3406 2269 3477; baseline -0.003 -16"><span class='ocrx_word' id='word_1_343' title='bbox 197 3410 347 3461; x_wconf 79' lang='lat' dir='ltr'>cedit</span> <span class='ocrx_word' id='word_1_344' title='bbox 375 3412 616 3477; x_wconf 84' lang='lat' dir='ltr'>insuper,</span> <span class='ocrx_word' id='word_1_345' title='bbox 663 3411 802 3475; x_wconf 82' lang='lat' dir='ltr'>quod</span> <span class='ocrx_word' id='word_1_346' title='bbox 846 3428 878 3461; x_wconf 87' lang='lat' dir='ltr'>a</span> <span class='ocrx_word' id='word_1_347' title='bbox 911 3415 1104 3463; x_wconf 74' lang='lat' dir='ltr'>Marcia</span> <span class='ocrx_word' id='word_1_348' title='bbox 1138 3412 1585 3473; x_wconf 84' lang='lat' dir='ltr'>Marcianopoleos</span> <span class='ocrx_word' id='word_1_349' title='bbox 1626 3424 1815 3460; x_wconf 85' lang='lat' dir='ltr'>nomen</span> <span class='ocrx_word' id='word_1_350' title='bbox 1846 3410 2147 3472; x_wconf 84' lang='lat' dir='ltr'>neutiquam</span> <span class='ocrx_word' id='word_1_351' title='bbox 2180 3406 2269 3456; x_wconf 85' lang='lat' dir='ltr'>de-</span> 
     </span>
     <span class='ocr_line' id='line_1_38' title="bbox 195 3492 2269 3560; baseline -0.001 -17"><span class='ocrx_word' id='word_1_352' title='bbox 195 3494 429 3556; x_wconf 83' lang='lat' dir='ltr'>duxeris,</span> <span class='ocrx_word' id='word_1_353' title='bbox 465 3510 499 3543; x_wconf 86' lang='lat' dir='ltr'>a</span> <span class='ocrx_word' id='word_1_354' title='bbox 531 3497 794 3548; x_wconf 62' lang='lat' dir='ltr'>Marciana</span> <span class='ocrx_word' id='word_1_355' title='bbox 825 3498 1034 3560; x_wconf 86' lang='lat' dir='ltr'>optime.</span> <span class='ocrx_word' id='word_1_356' title='bbox 1103 3494 1209 3546; x_wconf 87' lang='lat' dir='ltr'>Sed</span> <span class='ocrx_word' id='word_1_357' title='bbox 1241 3495 1381 3544; x_wconf 88' lang='lat' dir='ltr'>enim</span> <span class='ocrx_word' id='word_1_358' title='bbox 1414 3508 1574 3559; x_wconf 86' lang='lat' dir='ltr'>quum</span> <span class='ocrx_word' id='word_1_359' title='bbox 1607 3494 1664 3542; x_wconf 87' lang='lat' dir='ltr'>in</span> <span class='ocrx_word' id='word_1_360' title='bbox 1696 3494 1815 3541; x_wconf 85' lang='lat' dir='ltr'>lect.</span> <span class='ocrx_word' id='word_1_361' title='bbox 1840 3492 2059 3541; x_wconf 76' lang='lat' dir='ltr'>Marciae</span> <span class='ocrx_word' id='word_1_362' title='bbox 2092 3504 2269 3540; x_wconf 80' lang='lat' dir='ltr'>omnes</span> 
     </span>
     <span class='ocr_line' id='line_1_39' title="bbox 199 3572 2271 3643; baseline -0.002 -16"><span class='ocrx_word' id='word_1_363' title='bbox 199 3578 503 3641; x_wconf 78' lang='lat' dir='ltr'>conspirent</span> <span class='ocrx_word' id='word_1_364' title='bbox 523 3578 647 3627; x_wconf 86' lang='lat' dir='ltr'>libri</span> <span class='ocrx_word' id='word_1_365' title='bbox 679 3585 734 3629; x_wconf 84' lang='lat' dir='ltr'>et</span> <span class='ocrx_word' id='word_1_366' title='bbox 756 3579 942 3642; x_wconf 80' lang='lat' dir='ltr'>,scripti</span> <span class='ocrx_word' id='word_1_367' title='bbox 978 3584 1032 3628; x_wconf 84' lang='lat' dir='ltr'>et</span> <span class='ocrx_word' id='word_1_368' title='bbox 1053 3578 1305 3643; x_wconf 79' lang='lat' dir='ltr'>impressi,</span> <span class='ocrx_word' id='word_1_369' title='bbox 1342 3583 1573 3642; x_wconf 73' lang='lat' dir='ltr'>excepta,</span> <span class='ocrx_word' id='word_1_370' title='bbox 1608 3580 1669 3625; x_wconf 88' lang='lat' dir='ltr'>ut</span> <span class='ocrx_word' id='word_1_371' title='bbox 1688 3574 1841 3624; x_wconf 87' lang='lat' dir='ltr'>modo</span> <span class='ocrx_word' id='word_1_372' title='bbox 1876 3572 2001 3637; x_wconf 79' lang='lat' dir='ltr'>dixi,</span> <span class='ocrx_word' id='word_1_373' title='bbox 2036 3572 2118 3623; x_wconf 86' lang='lat' dir='ltr'>ed.</span> <span class='ocrx_word' id='word_1_374' title='bbox 2142 3572 2271 3623; x_wconf 86' lang='lat' dir='ltr'>Lin-</span> 
     </span>
     <span class='ocr_line' id='line_1_40' title="bbox 193 3655 2271 3729; baseline -0.002 -20"><span class='ocrx_word' id='word_1_375' title='bbox 193 3658 384 3709; x_wconf 78' lang='lat' dir='ltr'>denbr.</span> <span class='ocrx_word' id='word_1_376' title='bbox 421 3660 743 3725; x_wconf 81' lang='lat' dir='ltr'>eandemque</span> <span class='ocrx_word' id='word_1_377' title='bbox 789 3663 878 3725; x_wconf 80' lang='lat' dir='ltr'>qui</span> <span class='ocrx_word' id='word_1_378' title='bbox 911 3664 1293 3729; x_wconf 80' lang='lat' dir='ltr'>exscripserunt</span> <span class='ocrx_word' id='word_1_379' title='bbox 1325 3666 1559 3711; x_wconf 84' lang='lat' dir='ltr'>nostrum</span> <span class='ocrx_word' id='word_1_380' title='bbox 1588 3664 1825 3709; x_wconf 79' lang='lat' dir='ltr'>auctores</span> <span class='ocrx_word' id='word_1_381' title='bbox 1864 3671 2041 3707; x_wconf 84' lang='lat' dir='ltr'>omnes</span> <span class='ocrx_word' id='word_1_382' title='bbox 2078 3655 2203 3705; x_wconf 82' lang='lat' dir='ltr'>inde</span> <span class='ocrx_word' id='word_1_383' title='bbox 2235 3670 2271 3706; x_wconf 78' lang='lat' dir='ltr'>a</span> 
     </span>
    </p>
   </div>
  </div>
 </body>
</html>
