2567 4084
1194 158 1276 225 85

189 340 446 427 reliqua
511 338 708 408 totius
777 340 1012 406 mundi
1057 338 1447 413 thermarum
1502 339 2058 408 innumerabilium
2120 341 2264 409 loca

191 440 457 505 omnino
511 440 856 532 praecipue
923 439 1008 505 ad
1075 440 1409 505 sanitatem
1490 438 1879 505 infirmorum
1956 440 2263 509 efficacis-

193 557 416 611 slmae.

363 670 552 737 XXI.
623 670 876 737 Exinde
921 689 1072 757 ergo
1117 670 1203 737 ad
1228 671 1525 757 proprias
1568 671 1752 737 sedes
1780 673 2073 757 regressi,
2113 677 2265 759 post

189 770 376 837 haec·
401 790 438 836 a
465 770 859 837 Maximiano
903 770 1289 857 imperatore
1332 769 1650 837 ducuntur
1689 771 1760 836 in
1790 772 2099 839 auxilium
2124 771 2263 837 Ro-

192 888 532 935 manorum
573 875 794 936 contra
822 870 1096 937 Parthos
1139 869 1369 955 rogati,
1412 870 1528 935 ubi
1568 872 1825 937 omnino
1871 870 2035 936 datis
2077 870 2264 941 auxi-

191 966 397 1033 liariis
459 967 733 1035 fideliter
795 968 1102 1036 decertati
1163 975 1331 1035 sunt.
1444 968 1575 1036 Sed
1629 976 1972 1057 postquam
2030 969 2265 1037 Caesar

190 1064 624 1135 Maximianus
666 1090 870 1157 paene
915 1090 1059 1135 cum
1101 1088 1322 1134 eorum
1343 1068 1594 1135 solatio
1636 1070 1951 1136 Narseum
1973 1117 1991 1153 ,
2047 1088 2264 1154 regem

190 1165 533 1233 Persarum
549 1218 568 1252 ,
631 1168 896 1256 Saporis
949 1168 1172 1253 Magni
1227 1172 1561 1254 nepotem,
1622 1170 1941 1254 fugasset,
2002 1168 2265 1255 eiusque

195 1285 420 1331 omnes
495 1287 650 1353 opes
719 1268 1035 1354 simulque
1106 1286 1341 1333 uxores
1420 1273 1485 1332 et
1552 1267 1720 1333 filios
1793 1267 2265 1355 depraedasset,

193 1364 649 1453 Achillemque
705 1366 774 1432 in
814 1366 1212 1433 Alexandria
1251 1366 1694 1433 Diocletianus
1752 1372 2143 1455 superasset,
2200 1373 2265 1435 et

325 1634 596 1694 praecipue
614 1658 675 1669 --
695 1630 1088 1698 efficaci-rumne)
1130 1631 1261 1683 Pan.
1301 1626 1574 1695 praeeipua
1618 1638 1667 1682 et
1707 1635 1778 1684 ad
1815 1649 1924 1685 ean.
1958 1634 2059 1698 inf.
2096 1634 2262 1697 effica-

186 1716 426 1764 deam.-
462 1714 588 1779 quid
620 1714 668 1765 si
695 1714 843 1779 legas
869 1718 1168 1778 praecipuae
1201 1716 1741 1777 et—effieaen‘eea‘mae?

331 1830 462 1896 Gap.
497 1828 648 1881 XXL'
699 1831 1184 1881 Exinde—decertati
1205 1829 1343 1897 sunt)
1376 1830 1664 1884 Vulcanius
1695 1832 1865 1897 posito
1897 1837 2016 1899 post
2047 1833 2265 1885 verbum

186 1916 396 1975 reyrem'
421 1916 618 1977 puncto
655 1928 691 1963 a
721 1928 852 1964 voce
881 1918 997 1976 post
1027 1928 1220 1964 novum
1235 1918 1401 1985 'eaput
1422 1929 1634 1965 exorsus
1668 1920 1774 1977 est3
1809 1930 1904 1966 nos
1925 1930 2064 1980 vern,
2100 1914 2267 1966 secuti

183 1994 309 2045 edd.
341 1994 666 2061 antiquiores
679 2032 694 2060 ,
741 1996 799 2045 in
834 1996 1021 2061 quibus
1053 2012 1088 2045 a
1119 1997 1379 2061 particula
1411 1999 1582 2047 exinde
1614 2012 1777 2063 usque
1816 1998 1886 2047 ad
1915 1998 2077 2048 verba
2108 1999 2268 2047 decess

191 2082 294 2127 tati
323 2084 440 2129 sunt
472 2092 578 2129 uno
611 2093 779 2130 sermo
813 2078 1041 2129 decurrit
1070 2082 1279 2143 tenore,
1325 2094 1430 2130 non
1462 2080 1809 2145 interruptum
1850 2096 2015 2146 usque
2055 2081 2124 2131 ad
2152 2095 2269 2132 ver-

189 2162 322 2213 bum
353 2168 472 2211 eunt
501 2161 822 2213 servavimus
856 2163 1132 2213 verborum
1165 2160 1399 2213 ordinem
1412 2200 1427 2227 ,
1461 2163 1615 2213 initio
1650 2164 1835 2229 eapitis
1868 2180 1903 2213 a
1933 2178 2063 2215 voce
2094 2164 2268 2214 exinde

189 2244 352 2298 facto.
379 2272 442 2281 —
479 2246 750 2308 ducuntur)
785 2245 920 2299 Pall.
942 2246 1256 2314 „rediyuntun
1294 2260 1450 2310 quam
1482 2246 1777 2312 lectionem,
1809 2248 1913 2298 nisi
1943 2248 2109 2298 mavis
2140 2246 2271 2296 redi-

189 2334 416 2391 muntur,
453 2341 484 2377 e
514 2327 740 2393 repetita
770 2327 1104 2392 praecedenti
1139 2330 1346 2394 syHaba
1379 2334 1543 2379 ortam
1576 2331 1811 2381 arbitror.
1834 2358 1902 2367 —
1923 2335 1981 2380 in
2002 2327 2265 2395 auxilium)

193 2410 282 2460 Ita
314 2410 450 2460 Pall.
485 2425 580 2476 pro
612 2410 752 2476 vulg.
785 2415 842 2459 in
877 2414 1082 2465 aua-ilia.
1107 2440 1175 2450 —
1208 2412 1427 2478 omnino)
1460 2412 1609 2462 Haec
1629 2428 1747 2476 vox,
1782 2427 1919 2477 quae
1939 2414 2005 2463 ab
2030 2414 2270 2464 omnibus

199 2492 320 2544 edd.
357 2494 531 2557 abest,
567 2492 700 2543 Pall.
736 2493 968 2545 debetur.
1001 2522 1070 2533 -—
1119 2496 1353 2545 decertati
1385 2494 1521 2562 eunt)
1562 2494 1651 2547 Sic
1680 2495 1815 2550 Pall.
1848 2510 2021 2562 neque
2050 2498 2267 2546 decerta-

193 2582 375 2627 verunt
415 2575 530 2640 hie,
579 2581 634 2625 et
678 2578 941 2626 decertavit
984 2577 1122 2628 infra
1164 2592 1284 2627 cum
1317 2578 1491 2630 Ambr.
1528 2582 1583 2629 et
1612 2580 1741 2629 Exc.
1776 2578 2082 2643 legendum:
2128 2592 2267 2643 quae

189 2658 349 2709 lectio
389 2672 425 2708 a
473 2658 701 2709 librariis
749 2660 1004 2724 profecta,
1052 2674 1181 2725 quos
1225 2662 1455 2726 fugeret,
1516 2664 1755 2712 decertari
1799 2662 1957 2713 etiam
1999 2660 2266 2726 deponen-

191 2740 262 2791 tis
313 2740 482 2791 instar
523 2740 674 2791 verbi
722 2742 962 2807 usurpari
1003 2758 1038 2792 a
1079 2746 1270 2794 nostro.
1356 2743 1441 2794 Ita
1487 2744 1627 2795 idem
1670 2747 1887 2797 verbum
1916 2745 2055 2795 infra
2097 2760 2141 2795 e.
2178 2744 2263 2796 58.

191 2824 416 2874 recurrit
465 2822 626 2888 idque
667 2824 783 2875 sine
830 2825 1070 2876 lectionis
1120 2826 1375 2877 varietate
1395 2863 1410 2891 ‚
1474 2827 1652 2894 itaque
1706 2830 1873 2879 utitur
1924 2827 2086 2879 verbo
2142 2827 2263 2879 sim-

191 2906 321 2970 plici
353 2905 604 2971 Hyginus
635 2906 764 2957 Fab.
801 2908 920 2957 273.
951 2908 1072 2970 fecit
1104 2910 1246 2959 ludos
1276 2914 1550 2975 gymnicos,
1604 2916 1659 2961 in
1705 2912 1875 2975 quibu-5
1926 2915 2099 2964 certato·
2142 2915 2260 2961 eunt

193 3004 340 3039 eursu
383 2990 558 3039 Nestor
603 2994 656 3039 et
695 2992 922 3040 Helenus.
969 3016 1038 3027 -
1074 2992 1252 3060 paene)
1296 2993 1449 3044 Haec
1508 3010 1613 3046 vox
1670 2999 1911 3060 suspecta
1965 2998 2046 3045 est
2098 2993 2228 3045 mihi
2242 3008 2259 3043 ε

189 3071 472 3137 legendum
518 3072 736 3123 fortasse
777 3076 933 3136 plane
980 3074 1069 3125 vel
1117 3076 1233 3125 bene
1251 3112 1266 3140 ‚
1326 3091 1479 3142 quam
1528 3076 1865 3141 posteriorem
1911 3076 2117 3142 quidem
2167 3085 2259 3125 vo·

195 3168 307 3205 cem
341 3169 461 3205 eum
493 3155 751 3207 vocabulo
789 3170 950 3220 paene
989 3158 1291 3209 commutari
1332 3174 1706 3225 nonnunquam
1747 3164 1923 3211 monet
1972 3158 2263 3210 Tzsehuck.

199 3237 268 3287 ad
299 3237 428 3290 Mel.
460 3236 505 3303 1,
541 3238 592 3303 9,
629 3239 679 3293 2.
705 3266 774 3279 -
805 3237 1002 3305 solatio)
1036 3239 1210 3291 Ambr.
1233 3245 1442 3293 solatiis.
1468 3272 1531 3283 —
1553 3245 1816 3302 Narseum)
1849 3244 2004 3293 Hane
2022 3242 2265 3293 revocavi

195 3320 478 3373 lectionem
511 3336 578 3374 ex
607 3320 750 3389 Epit.
786 3328 840 3374 et
871 3322 988 3374 edd.
1024 3324 1112 3389 qui
1143 3324 1391 3375 Vulcanii
1421 3325 1752 3377 antecedunt.
1792 3326 1898 3375 Hic
1916 3324 2110 3399 primus
2132 3326 2263 3375 Nm·-

205 3418 305 3455 eem
339 3405 510 3471 dedit,
543 3411 740 3458 temere
771 3408 922 3472 satis,
957 3411 1020 3458 ut
1049 3408 1216 3472 liquet
1249 3424 1315 3458 ex
1346 3408 1564 3474 Eutrop.
1598 3406 1691 3473 IX,
1727 3410 1809 3462 14.
1846 3406 1953 3474 (22)
1965 3441 1983 3470 ,
2017 3408 2262 3459 Lactant-

196 3486 267 3537 M.
291 3488 351 3538 Ρ.
385 3504 430 3539 o.
455 3490 504 3553 9,
541 3491 588 3539 5.
623 3490 818 3542 Victor.
846 3491 995 3543 Caes.
1021 3506 1066 3541 o.
1095 3491 1179 3555 39,
1216 3493 1297 3543 35.
1332 3490 1475 3543 Sext.
1508 3492 1631 3543 Rus.
1654 3506 1699 3542 e.
1730 3492 1815 3543 25.
1854 3490 2002 3543 Oros.
2028 3490 2149 3556 VII,
2172 3489 2260 3548 25.

197 3576 480 3637 nostroque
505 3574 624 3637 ipso
656 3572 721 3627 R.
746 3572 800 3625 S.
836 3590 882 3624 c.
907 3576 989 3625 88.
1022 3575 1197 3626 Ambr-
1231 3576 1387 3625 Nat-ee
1416 3588 1531 3626 vero
1565 3574 1792 3626 exhibet.
1827 3600 1890 3611 --
1924 3576 2263 3625 Diocletiana·

199 3656 498 3722 supermeat)
531 3654 620 3707 Sic
650 3657 783 3708 Pall.
819 3672 938 3709 cum
969 3658 1078 3726 Eg.
1111 3657 1228 3709 Par.
1265 3672 1384 3709 cum
1414 3658 1575 3725 vulgo
1608 3672 1721 3708 eum
1747 3658 2057 3709 Diocletiano
2090 3672 2261 3721 euper-
