<?xml version="1.0" encoding="UTF-8"?>
<!DOCTYPE html PUBLIC "-//W3C//DTD XHTML 1.0 Transitional//EN"
    "http://www.w3.org/TR/xhtml1/DTD/xhtml1-transitional.dtd">
<html xmlns="http://www.w3.org/1999/xhtml" xml:lang="en" lang="en">
 <head>
  <title>
</title>
<meta http-equiv="Content-Type" content="text/html;charset=utf-8" />
  <meta name='ocr-system' content='tesseract 3.04.00' />
  <meta name='ocr-capabilities' content='ocr_page ocr_carea ocr_par ocr_line ocrx_word'/>
</head>
<body>
  <div class='ocr_page' id='page_1' title='image "./jordanisdegetar00closgoog_0029.png"; bbox 0 0 2567 4084; ppageno 0'>
   <div class='ocr_carea' id='block_1_1' title="bbox 1229 173 1265 234">
    <p class='ocr_par' dir='ltr' id='par_1_1' title="bbox 1229 173 1265 234">
     <span class='ocr_line' id='line_1_1' title="bbox 1229 173 1265 234; baseline 0 0"><span class='ocrx_word' id='word_1_1' title='bbox 1229 173 1265 234; x_wconf 79' lang='lat'>7</span> 
     </span>
    </p>
   </div>
   <div class='ocr_carea' id='block_1_2' title="bbox 213 349 2359 1140">
    <p class='ocr_par' dir='ltr' id='par_1_2' title="bbox 213 349 2359 1140">
     <span class='ocr_line' id='line_1_2' title="bbox 213 349 2285 442; baseline -0.003 -20"><span class='ocrx_word' id='word_1_2' title='bbox 213 354 526 442; x_wconf 88' lang='lat' dir='ltr'><strong>templum</strong></span> <span class='ocrx_word' id='word_1_3' title='bbox 568 353 893 438; x_wconf 79' lang='lat' dir='ltr'><strong>HerculiS,</strong></span> <span class='ocrx_word' id='word_1_4' title='bbox 950 355 1018 419; x_wconf 86' lang='lat' dir='ltr'><strong>in</strong></span> <span class='ocrx_word' id='word_1_5' title='bbox 1063 353 1187 418; x_wconf 86' lang='lat' dir='ltr'><strong>alio</strong></span> <span class='ocrx_word' id='word_1_6' title='bbox 1231 359 1708 418; x_wconf 84' lang='lat' dir='ltr'><strong>monumentum</strong></span> <span class='ocrx_word' id='word_1_7' title='bbox 1754 351 1965 418; x_wconf 84' lang='lat' dir='ltr'><strong>adhuc</strong></span> <span class='ocrx_word' id='word_1_8' title='bbox 2022 349 2285 437; x_wconf 89' lang='lat' dir='ltr'><strong>conspi-</strong></span> 
     </span>
     <span class='ocr_line' id='line_1_3' title="bbox 217 448 2287 541; baseline -0.003 -20"><span class='ocrx_word' id='word_1_9' title='bbox 217 457 385 522; x_wconf 86' lang='lat' dir='ltr'>citur</span> <span class='ocrx_word' id='word_1_10' title='bbox 421 453 756 541; x_wconf 79' lang='lat' dir='ltr'><strong>ScipioniS,</strong></span> <span class='ocrx_word' id='word_1_11' title='bbox 786 458 1020 537; x_wconf 89' lang='lat' dir='ltr'><strong>tamen,</strong></span> <span class='ocrx_word' id='word_1_12' title='bbox 1058 453 1208 540; x_wconf 87' lang='lat' dir='ltr'><strong>quia</strong></span> <span class='ocrx_word' id='word_1_13' title='bbox 1252 451 1711 518; x_wconf 80' lang='lat' dir='ltr'><strong>extremitatem</strong></span> <span class='ocrx_word' id='word_1_14' title='bbox 1736 448 2040 515; x_wconf 87' lang='lat' dir='ltr'><strong>Galliciae</strong></span> <span class='ocrx_word' id='word_1_15' title='bbox 2083 453 2287 515; x_wconf 87' lang='lat' dir='ltr'><strong>terrae</strong></span> 
     </span>
     <span class='ocr_line' id='line_1_4' title="bbox 219 547 2287 638; baseline -0.003 -18"><span class='ocrx_word' id='word_1_16' title='bbox 219 554 570 634; x_wconf 81' lang='lat' dir='ltr'><strong>continent,</strong></span> <span class='ocrx_word' id='word_1_17' title='bbox 615 553 696 618; x_wconf 88' lang='lat' dir='ltr'><strong>ad</strong></span> <span class='ocrx_word' id='word_1_18' title='bbox 740 558 972 620; x_wconf 85' lang='lat' dir='ltr'><strong>terram</strong></span> <span class='ocrx_word' id='word_1_19' title='bbox 1015 571 1312 638; x_wconf 85' lang='lat' dir='ltr'><strong>magnam</strong></span> <span class='ocrx_word' id='word_1_20' title='bbox 1348 551 1645 636; x_wconf 82' lang='lat' dir='ltr'>Europae</span> <span class='ocrx_word' id='word_1_21' title='bbox 1686 549 1923 636; x_wconf 81' lang='lat' dir='ltr'><strong>potiuS,</strong></span> <span class='ocrx_word' id='word_1_22' title='bbox 1969 566 2161 634; x_wconf 84' lang='lat' dir='ltr'><strong>quam</strong></span> <span class='ocrx_word' id='word_1_23' title='bbox 2202 547 2287 614; x_wconf 88' lang='lat' dir='ltr'><strong>ad</strong></span> 
     </span>
     <span class='ocr_line' id='line_1_5' title="bbox 221 647 2288 740; baseline -0.004 -19"><span class='ocrx_word' id='word_1_24' title='bbox 221 654 467 722; x_wconf 83' lang='lat' dir='ltr'><strong>Oceani</strong></span> <span class='ocrx_word' id='word_1_25' title='bbox 509 653 826 740; x_wconf 88' lang='lat' dir='ltr'><strong>pertinent</strong></span> <span class='ocrx_word' id='word_1_26' title='bbox 867 651 1128 718; x_wconf 86' lang='lat' dir='ltr'><strong>insulas.</strong></span> <span class='ocrx_word' id='word_1_27' title='bbox 1193 652 1408 720; x_wconf 83' lang='lat' dir='ltr'><strong>Habet</strong></span> <span class='ocrx_word' id='word_1_28' title='bbox 1461 654 1675 716; x_wconf 86' lang='lat' dir='ltr'><strong>tamen</strong></span> <span class='ocrx_word' id='word_1_29' title='bbox 1732 655 1796 715; x_wconf 90' lang='lat' dir='ltr'><strong>et</strong></span> <span class='ocrx_word' id='word_1_30' title='bbox 1848 648 2003 714; x_wconf 87' lang='lat' dir='ltr'><strong>alias</strong></span> <span class='ocrx_word' id='word_1_31' title='bbox 2046 647 2288 714; x_wconf 84' lang='lat' dir='ltr'><strong>insulas</strong></span> 
     </span>
     <span class='ocr_line' id='line_1_6' title="bbox 219 745 2285 838; baseline -0.003 -19"><span class='ocrx_word' id='word_1_32' title='bbox 219 754 490 819; x_wconf 90' lang='lat' dir='ltr'><strong>interius</strong></span> <span class='ocrx_word' id='word_1_33' title='bbox 532 753 600 818; x_wconf 92' lang='lat' dir='ltr'><strong>in</strong></span> <span class='ocrx_word' id='word_1_34' title='bbox 645 772 760 818; x_wconf 88' lang='lat' dir='ltr'><strong>suo</strong></span> <span class='ocrx_word' id='word_1_35' title='bbox 805 756 1006 836; x_wconf 90' lang='lat' dir='ltr'><strong>aestu,</strong></span> <span class='ocrx_word' id='word_1_36' title='bbox 1055 771 1216 838; x_wconf 90' lang='lat' dir='ltr'><strong>quae</strong></span> <span class='ocrx_word' id='word_1_37' title='bbox 1260 751 1557 818; x_wconf 87' lang='lat' dir='ltr'><strong>dicuntur</strong></span> <span class='ocrx_word' id='word_1_38' title='bbox 1598 750 1919 833; x_wconf 88' lang='lat' dir='ltr'><strong>Baleares,</strong></span> <span class='ocrx_word' id='word_1_39' title='bbox 1963 745 2285 834; x_wconf 82' lang='lat' dir='ltr'><strong>habetque</strong></span> 
     </span>
     <span class='ocr_line' id='line_1_7' title="bbox 218 847 2359 935; baseline -0 -16"><span class='ocrx_word' id='word_1_40' title='bbox 218 858 284 920; x_wconf 90' lang='lat' dir='ltr'><strong>et</strong></span> <span class='ocrx_word' id='word_1_41' title='bbox 329 853 521 918; x_wconf 86' lang='lat' dir='ltr'><strong>aliam</strong></span> <span class='ocrx_word' id='word_1_42' title='bbox 541 851 924 935; x_wconf 86' lang='lat' dir='ltr'><strong>Mevaniam,</strong></span> <span class='ocrx_word' id='word_1_43' title='bbox 967 870 1217 918; x_wconf 82' lang='lat' dir='ltr'><strong>necnon</strong></span> <span class='ocrx_word' id='word_1_44' title='bbox 1262 857 1325 915; x_wconf 90' lang='lat' dir='ltr'><strong>et</strong></span> <span class='ocrx_word' id='word_1_45' title='bbox 1368 850 1675 934; x_wconf 84' lang='lat' dir='ltr'><strong>Orcadas,</strong></span> <span class='ocrx_word' id='word_1_46' title='bbox 1720 869 1983 915; x_wconf 85' lang='lat' dir='ltr'><strong>numero</strong></span> <span class='ocrx_word' id='word_1_47' title='bbox 2028 847 2289 932; x_wconf 86' lang='lat' dir='ltr'><strong>triginta</strong></span> <span class='ocrx_word' id='word_1_48' title='bbox 2354 913 2359 918; x_wconf 83' lang='lat'><strong>.</strong></span> 
     </span>
     <span class='ocr_line' id='line_1_8' title="bbox 220 948 2285 1039; baseline -0.004 -20"><span class='ocrx_word' id='word_1_49' title='bbox 220 959 372 1034; x_wconf 69' lang='lat' dir='ltr'><strong>tres,</strong></span> <span class='ocrx_word' id='word_1_50' title='bbox 419 952 710 1039; x_wconf 86' lang='lat' dir='ltr'><strong>quamvis</strong></span> <span class='ocrx_word' id='word_1_51' title='bbox 753 971 884 1017; x_wconf 94' lang='lat' dir='ltr'><strong>non</strong></span> <span class='ocrx_word' id='word_1_52' title='bbox 928 971 1146 1017; x_wconf 85' lang='lat' dir='ltr'><strong>omnes</strong></span> <span class='ocrx_word' id='word_1_53' title='bbox 1189 950 1493 1017; x_wconf 84' lang='lat' dir='ltr'><strong>excultas.</strong></span> <span class='ocrx_word' id='word_1_54' title='bbox 1558 949 1773 1015; x_wconf 84' lang='lat' dir='ltr'><strong>Habet</strong></span> <span class='ocrx_word' id='word_1_55' title='bbox 1830 954 1895 1019; x_wconf 91' lang='lat' dir='ltr'><strong>et</strong></span> <span class='ocrx_word' id='word_1_56' title='bbox 1943 950 2011 1014; x_wconf 92' lang='lat' dir='ltr'><strong>in</strong></span> <span class='ocrx_word' id='word_1_57' title='bbox 2063 948 2285 1014; x_wconf 87' lang='lat' dir='ltr'><strong>ultimo</strong></span> 
     </span>
     <span class='ocr_line' id='line_1_9' title="bbox 215 1047 2289 1140; baseline -0.003 -22"><span class='ocrx_word' id='word_1_58' title='bbox 215 1052 452 1140; x_wconf 85' lang='lat' dir='ltr'><strong>plagae</strong></span> <span class='ocrx_word' id='word_1_59' title='bbox 492 1051 900 1117; x_wconf 71' lang='lat' dir='ltr'><strong>occidentalis</strong></span> <span class='ocrx_word' id='word_1_60' title='bbox 930 1052 1121 1117; x_wconf 87' lang='lat' dir='ltr'><strong>aliam</strong></span> <span class='ocrx_word' id='word_1_61' title='bbox 1147 1051 1418 1116; x_wconf 88' lang='lat' dir='ltr'><strong>insulam</strong></span> <span class='ocrx_word' id='word_1_62' title='bbox 1454 1049 1710 1114; x_wconf 89' lang='lat' dir='ltr'><strong>nomine</strong></span> <span class='ocrx_word' id='word_1_63' title='bbox 1733 1047 2009 1134; x_wconf 82' lang='lat' dir='ltr'><strong>Thylen,</strong></span> <span class='ocrx_word' id='word_1_64' title='bbox 2048 1047 2128 1112; x_wconf 88' lang='lat' dir='ltr'><strong>de</strong></span> <span class='ocrx_word' id='word_1_65' title='bbox 2163 1065 2289 1133; x_wconf 86' lang='lat' dir='ltr'><strong>qua</strong></span> 
     </span>
    </p>
   </div>
   <div class='ocr_carea' id='block_1_3' title="bbox 217 1151 1761 1332">
    <p class='ocr_par' dir='ltr' id='par_1_3' title="bbox 217 1151 1745 1332">
     <span class='ocr_line' id='line_1_10' title="bbox 217 1151 1016 1218; baseline -0.003 0"><span class='ocrx_word' id='word_1_66' title='bbox 217 1153 608 1218; x_wconf 82' lang='lat' dir='ltr'><strong>Mantuanus</strong></span> <span class='ocrx_word' id='word_1_67' title='bbox 647 1152 814 1217; x_wconf 88' lang='lat' dir='ltr'><strong>inter</strong></span> <span class='ocrx_word' id='word_1_68' title='bbox 853 1151 1016 1218; x_wconf 85' lang='lat' dir='ltr'><strong>alia:</strong></span> 
     </span>
     <span class='ocr_line' id='line_1_11' title="bbox 751 1253 1761 1332; baseline -0.001 -18"><span class='ocrx_word' id='word_1_69' title='bbox 751 1289 832 1299; x_wconf 89' lang='lat'><em>—</em></span> <span class='ocrx_word' id='word_1_70' title='bbox 875 1253 986 1314; x_wconf 75' lang='lat' dir='ltr'><strong>tibi</strong></span> <span class='ocrx_word' id='word_1_71' title='bbox 1027 1255 1256 1315; x_wconf 76' lang='lat' dir='ltr'><strong>serviat</strong></span> <span class='ocrx_word' id='word_1_72' title='bbox 1295 1253 1511 1314; x_wconf 78' lang='lat' dir='ltr'><strong>ultima</strong></span> <span class='ocrx_word' id='word_1_73' title='bbox 1562 1253 1761 1332; x_wconf 74' lang='lat' dir='ltr'><strong>Thyle.</strong></span> 
     </span>
    </p>
   </div>
   <div class='ocr_carea' id='block_1_4' title="bbox 1794 1337 2175 1345">
    <p class='ocr_par' dir='ltr' id='par_1_4' title="bbox 1794 1337 2175 1345">
     <span class='ocr_line' id='line_1_12' title="bbox 1794 1337 2175 1345; baseline 0 0"><span class='ocrx_word' id='word_1_74' title='bbox 1794 1337 2175 1345; x_wconf 95' lang='lat' dir='ltr'><strong> </strong></span> 
     </span>
    </p>
   </div>
   <div class='ocr_carea' id='block_1_5' title="bbox 395 1340 761 1346">
    <p class='ocr_par' dir='ltr' id='par_1_5' title="bbox 395 1340 761 1346">
     <span class='ocr_line' id='line_1_13' title="bbox 395 1340 761 1346; baseline 0 0"><span class='ocrx_word' id='word_1_75' title='bbox 395 1340 761 1346; x_wconf 95' lang='lat' dir='ltr'><strong> </strong></span> 
     </span>
    </p>
   </div>
   <div class='ocr_carea' id='block_1_6' title="bbox 766 1339 964 1347">
    <p class='ocr_par' dir='ltr' id='par_1_6' title="bbox 766 1339 964 1347">
     <span class='ocr_line' id='line_1_14' title="bbox 766 1339 964 1347; baseline 0 0"><span class='ocrx_word' id='word_1_76' title='bbox 766 1339 964 1347; x_wconf 95' lang='lat' dir='ltr'><strong> </strong></span> 
     </span>
    </p>
   </div>
   <div class='ocr_carea' id='block_1_7' title="bbox 217 1340 2297 1600">
    <p class='ocr_par' dir='ltr' id='par_1_7' title="bbox 217 1340 2297 1600">
     <span class='ocr_line' id='line_1_15' title="bbox 354 1340 2291 1435; baseline 0 -17"><span class='ocrx_word' id='word_1_77' title='bbox 354 1367 1090 1435; x_wconf 69' lang='lat' dir='ltr'><strong>monumentum—Scipionw)</strong></span> <span class='ocrx_word' id='word_1_78' title='bbox 1116 1342 1249 1420; x_wconf 77' lang='lat' dir='ltr'><strong>Sunt</strong></span> <span class='ocrx_word' id='word_1_79' title='bbox 1272 1371 1361 1433; x_wconf 86' lang='lat' dir='ltr'><strong>qui</strong></span> <span class='ocrx_word' id='word_1_80' title='bbox 1369 1342 1720 1434; x_wconf 81' lang='lat' dir='ltr'><strong>provocantes</strong></span> <span class='ocrx_word' id='word_1_81' title='bbox 1742 1340 1809 1417; x_wconf 84' lang='lat' dir='ltr'><strong>ad</strong></span> <span class='ocrx_word' id='word_1_82' title='bbox 1832 1367 2123 1432; x_wconf 80' lang='lat' dir='ltr'><strong>Strab.111‚</strong></span> <span class='ocrx_word' id='word_1_83' title='bbox 2152 1370 2178 1417; x_wconf 91' lang='lat'>1</span> <span class='ocrx_word' id='word_1_84' title='bbox 2203 1368 2291 1418; x_wconf 86' lang='lat' dir='ltr'><strong>fin.</strong></span> 
     </span>
     <span class='ocr_line' id='line_1_16' title="bbox 219 1449 2297 1518; baseline -0.001 -14"><span class='ocrx_word' id='word_1_85' title='bbox 219 1458 276 1504; x_wconf 86' lang='lat' dir='ltr'><strong>et</strong></span> <span class='ocrx_word' id='word_1_86' title='bbox 296 1452 560 1516; x_wconf 79' lang='lat' dir='ltr'><strong>Me1.111,</strong></span> <span class='ocrx_word' id='word_1_87' title='bbox 599 1455 647 1503; x_wconf 87' lang='lat'><strong>1.</strong></span> <span class='ocrx_word' id='word_1_88' title='bbox 686 1455 944 1516; x_wconf 70' lang='lat' dir='ltr'><strong>Caepionis</strong></span> <span class='ocrx_word' id='word_1_89' title='bbox 977 1453 1064 1502; x_wconf 87' lang='lat' dir='ltr'><strong>hic</strong></span> <span class='ocrx_word' id='word_1_90' title='bbox 1095 1453 1204 1518; x_wconf 88' lang='lat' dir='ltr'><strong>legi</strong></span> <span class='ocrx_word' id='word_1_91' title='bbox 1222 1452 1402 1504; x_wconf 81' lang='lat' dir='ltr'><strong>velint</strong></span> <span class='ocrx_word' id='word_1_92' title='bbox 1470 1449 1575 1502; x_wconf 88' lang='lat' dir='ltr'><strong>Sed</strong></span> <span class='ocrx_word' id='word_1_93' title='bbox 1598 1451 1733 1500; x_wconf 87' lang='lat' dir='ltr'><strong>enim</strong></span> <span class='ocrx_word' id='word_1_94' title='bbox 1765 1455 2123 1515; x_wconf 76' lang='lat' dir='ltr'><strong>praeterquam</strong></span> <span class='ocrx_word' id='word_1_95' title='bbox 2158 1451 2297 1516; x_wconf 88' lang='lat' dir='ltr'><strong>quod</strong></span> 
     </span>
     <span class='ocr_line' id='line_1_17' title="bbox 217 1534 2295 1600; baseline -0.001 -14"><span class='ocrx_word' id='word_1_96' title='bbox 217 1537 372 1586; x_wconf 81' lang='lat' dir='ltr'><strong>nulla</strong></span> <span class='ocrx_word' id='word_1_97' title='bbox 403 1550 576 1600; x_wconf 86' lang='lat' dir='ltr'><strong>neque</strong></span> <span class='ocrx_word' id='word_1_98' title='bbox 596 1535 652 1587; x_wconf 85' lang='lat' dir='ltr'><strong>h.</strong></span> <span class='ocrx_word' id='word_1_99' title='bbox 675 1536 712 1585; x_wconf 85' lang='grc' dir='ltr'><strong>Ι.</strong></span> <span class='ocrx_word' id='word_1_100' title='bbox 737 1551 908 1600; x_wconf 87' lang='lat' dir='ltr'><strong>neque</strong></span> <span class='ocrx_word' id='word_1_101' title='bbox 943 1536 1079 1585; x_wconf 75' lang='lat' dir='ltr'><strong>infra</strong></span> <span class='ocrx_word' id='word_1_102' title='bbox 1101 1551 1146 1586; x_wconf 88' lang='lat' dir='ltr'><strong>c.</strong></span> <span class='ocrx_word' id='word_1_103' title='bbox 1171 1537 1254 1600; x_wconf 83' lang='lat'><strong>44,</strong></span> <span class='ocrx_word' id='word_1_104' title='bbox 1296 1535 1387 1585; x_wconf 87' lang='lat' dir='ltr'><strong>ubi</strong></span> <span class='ocrx_word' id='word_1_105' title='bbox 1410 1534 1641 1586; x_wconf 88' lang='lat' dir='ltr'><strong>eiusdem</strong></span> <span class='ocrx_word' id='word_1_106' title='bbox 1660 1535 1878 1584; x_wconf 84' lang='lat' dir='ltr'><strong>recurrit</strong></span> <span class='ocrx_word' id='word_1_107' title='bbox 1899 1537 2092 1585; x_wconf 87' lang='lat' dir='ltr'><strong>mentio</strong></span> <span class='ocrx_word' id='word_1_108' title='bbox 2114 1549 2295 1585; x_wconf 86' lang='lat' dir='ltr'><strong>monu-</strong></span> 
     </span>
    </p>
   </div>
   <div class='ocr_carea' id='block_1_8' title="bbox 217 1617 2385 1682">
    <p class='ocr_par' dir='ltr' id='par_1_8' title="bbox 217 1617 2385 1682">
     <span class='ocr_line' id='line_1_18' title="bbox 217 1617 2385 1682; baseline -0.002 -14"><span class='ocrx_word' id='word_1_109' title='bbox 217 1618 400 1682; x_wconf 75' lang='lat' dir='ltr'><strong>menti,</strong></span> <span class='ocrx_word' id='word_1_110' title='bbox 424 1619 610 1668; x_wconf 81' lang='lat' dir='ltr'><strong>visitur</strong></span> <span class='ocrx_word' id='word_1_111' title='bbox 630 1618 858 1668; x_wconf 74' lang='lat' dir='ltr'><strong>varietas</strong></span> <span class='ocrx_word' id='word_1_112' title='bbox 881 1619 1138 1680; x_wconf 81' lang='lat' dir='ltr'><strong>lectionis,</strong></span> <span class='ocrx_word' id='word_1_113' title='bbox 1173 1619 1259 1668; x_wconf 68' lang='lat' dir='ltr'><strong>vel</strong></span> <span class='ocrx_word' id='word_1_114' title='bbox 1280 1619 1395 1682; x_wconf 85' lang='lat' dir='ltr'><strong>ipse</strong></span> <span class='ocrx_word' id='word_1_115' title='bbox 1419 1618 1564 1680; x_wconf 84' lang='lat' dir='ltr'><strong>situs,</strong></span> <span class='ocrx_word' id='word_1_116' title='bbox 1600 1619 1767 1681; x_wconf 84' lang='lat' dir='ltr'><strong>qualis</strong></span> <span class='ocrx_word' id='word_1_117' title='bbox 1791 1617 2097 1668; x_wconf 80' lang='lat' dir='ltr'><strong>describitur</strong></span> <span class='ocrx_word' id='word_1_118' title='bbox 2130 1634 2163 1667; x_wconf 87' lang='lat' dir='ltr'><strong>a</strong></span> <span class='ocrx_word' id='word_1_119' title='bbox 2184 1618 2294 1668; x_wconf 87' lang='lat' dir='ltr'><strong>Ior-</strong></span> <span class='ocrx_word' id='word_1_120' title='bbox 2379 1654 2385 1664; x_wconf 85' lang='lat'>.</span> 
     </span>
    </p>
   </div>
   <div class='ocr_carea' id='block_1_9' title="bbox 214 1699 2303 3763">
    <p class='ocr_par' dir='ltr' id='par_1_9' title="bbox 214 1699 2303 3763">
     <span class='ocr_line' id='line_1_19' title="bbox 221 1699 2293 1766; baseline 0 -16"><span class='ocrx_word' id='word_1_121' title='bbox 221 1699 376 1765; x_wconf 79' lang='lat' dir='ltr'><strong>dane,</strong></span> <span class='ocrx_word' id='word_1_122' title='bbox 402 1701 654 1766; x_wconf 79' lang='lat' dir='ltr'><strong>refragari</strong></span> <span class='ocrx_word' id='word_1_123' title='bbox 675 1700 881 1752; x_wconf 83' lang='lat' dir='ltr'><strong>videtur</strong></span> <span class='ocrx_word' id='word_1_124' title='bbox 900 1701 1024 1750; x_wconf 87' lang='lat' dir='ltr'><strong>huic</strong></span> <span class='ocrx_word' id='word_1_125' title='bbox 1047 1701 1419 1750; x_wconf 79' lang='lat' dir='ltr'><strong>correctionine</strong></span> <span class='ocrx_word' id='word_1_126' title='bbox 1442 1701 1610 1750; x_wconf 84' lang='lat' dir='ltr'><strong>dicam</strong></span> <span class='ocrx_word' id='word_1_127' title='bbox 1643 1715 1711 1749; x_wconf 84' lang='lat' dir='ltr'><strong>an</strong></span> <span class='ocrx_word' id='word_1_128' title='bbox 1746 1701 2062 1766; x_wconf 85' lang='lat' dir='ltr'><strong>corruptioni</strong></span> <span class='ocrx_word' id='word_1_129' title='bbox 2092 1701 2293 1751; x_wconf 86' lang='lat' dir='ltr'><strong>dubito.</strong></span> 
     </span>
     <span class='ocr_line' id='line_1_20' title="bbox 221 1779 2296 1849; baseline 0.001 -17"><span class='ocrx_word' id='word_1_130' title='bbox 221 1812 290 1822; x_wconf 92' lang='lat'>—</span> <span class='ocrx_word' id='word_1_131' title='bbox 323 1784 558 1846; x_wconf 76' lang='lat' dir='ltr'><strong>habetque</strong></span> <span class='ocrx_word' id='word_1_132' title='bbox 579 1781 648 1849; x_wconf 87' lang='lat' dir='ltr'><strong>et)</strong></span> <span class='ocrx_word' id='word_1_133' title='bbox 671 1783 847 1835; x_wconf 84' lang='lat' dir='ltr'><strong>Ambr.</strong></span> <span class='ocrx_word' id='word_1_134' title='bbox 872 1799 989 1834; x_wconf 87' lang='lat' dir='ltr'><strong>cum</strong></span> <span class='ocrx_word' id='word_1_135' title='bbox 1011 1784 1216 1836; x_wconf 84' lang='lat' dir='ltr'><strong>Monac.</strong></span> <span class='ocrx_word' id='word_1_136' title='bbox 1240 1784 1473 1845; x_wconf 74' lang='lat' dir='ltr'><strong>habetque</strong></span> <span class='ocrx_word' id='word_1_137' title='bbox 1497 1781 1612 1833; x_wconf 89' lang='lat' dir='ltr'><strong>edd.</strong></span> <span class='ocrx_word' id='word_1_138' title='bbox 1638 1799 1713 1848; x_wconf 87' lang='lat' dir='ltr'><strong>pr.</strong></span> <span class='ocrx_word' id='word_1_139' title='bbox 1741 1779 1926 1837; x_wconf 79' lang='lat' dir='ltr'><strong>etPar.</strong></span> <span class='ocrx_word' id='word_1_140' title='bbox 1948 1785 2095 1834; x_wconf 84' lang='lat' dir='ltr'><strong>habet</strong></span> <span class='ocrx_word' id='word_1_141' title='bbox 2116 1791 2178 1847; x_wconf 82' lang='lat' dir='ltr'><strong>et,</strong></span> <span class='ocrx_word' id='word_1_142' title='bbox 2204 1784 2296 1834; x_wconf 89' lang='lat' dir='ltr'><strong>sed</strong></span> 
     </span>
     <span class='ocr_line' id='line_1_21' title="bbox 221 1867 2296 1932; baseline 0 -16"><span class='ocrx_word' id='word_1_143' title='bbox 221 1869 506 1932; x_wconf 80' lang='lat' dir='ltr'><strong>vulgatam,</strong></span> <span class='ocrx_word' id='word_1_144' title='bbox 533 1881 667 1932; x_wconf 85' lang='lat' dir='ltr'><strong>quae</strong></span> <span class='ocrx_word' id='word_1_145' title='bbox 689 1883 722 1916; x_wconf 84' lang='lat' dir='ltr'><strong>a</strong></span> <span class='ocrx_word' id='word_1_146' title='bbox 738 1867 1058 1918; x_wconf 79' lang='lat' dir='ltr'><strong>Leunclavio</strong></span> <span class='ocrx_word' id='word_1_147' title='bbox 1081 1873 1174 1930; x_wconf 86' lang='lat' dir='ltr'><strong>est,</strong></span> <span class='ocrx_word' id='word_1_148' title='bbox 1199 1871 1412 1917; x_wconf 88' lang='lat' dir='ltr'><strong>tuentur</strong></span> <span class='ocrx_word' id='word_1_149' title='bbox 1430 1867 1564 1916; x_wconf 82' lang='lat' dir='ltr'><strong>Pau.</strong></span> <span class='ocrx_word' id='word_1_150' title='bbox 1585 1893 1653 1904; x_wconf 89' lang='lat'><strong>——</strong></span> <span class='ocrx_word' id='word_1_151' title='bbox 1674 1868 1905 1930; x_wconf 76' lang='lat' dir='ltr'><strong>habetque</strong></span> <span class='ocrx_word' id='word_1_152' title='bbox 1923 1895 1991 1905; x_wconf 91' lang='lat'>—</span> <span class='ocrx_word' id='word_1_153' title='bbox 2012 1869 2170 1916; x_wconf 80' lang='lat' dir='ltr'><strong>aliam</strong></span> <span class='ocrx_word' id='word_1_154' title='bbox 2192 1869 2296 1916; x_wconf 83' lang='lat' dir='ltr'><strong>Me-</strong></span> 
     </span>
     <span class='ocr_line' id='line_1_22' title="bbox 219 1947 2297 2015; baseline 0 -15"><span class='ocrx_word' id='word_1_155' title='bbox 219 1947 455 2015; x_wconf 76' lang='lat' dir='ltr'><strong>vaniam)</strong></span> <span class='ocrx_word' id='word_1_156' title='bbox 479 1950 613 2000; x_wconf 77' lang='lat' dir='ltr'><strong>Pau,</strong></span> <span class='ocrx_word' id='word_1_157' title='bbox 636 1954 743 1998; x_wconf 80' lang='lat' dir='ltr'><strong>alia</strong></span> <span class='ocrx_word' id='word_1_158' title='bbox 764 1951 960 1999; x_wconf 71' lang='lat' dir='ltr'><strong>Evania</strong></span> <span class='ocrx_word' id='word_1_159' title='bbox 982 1949 1159 2001; x_wconf 85' lang='lat' dir='ltr'><strong>Ambr.</strong></span> <span class='ocrx_word' id='word_1_160' title='bbox 1183 1954 1234 2000; x_wconf 86' lang='lat' dir='ltr'><strong>et</strong></span> <span class='ocrx_word' id='word_1_161' title='bbox 1255 1950 1459 1999; x_wconf 84' lang='lat' dir='ltr'><strong>Monac.</strong></span> <span class='ocrx_word' id='word_1_162' title='bbox 1486 1953 1643 1998; x_wconf 81' lang='lat' dir='ltr'><strong>aliam</strong></span> <span class='ocrx_word' id='word_1_163' title='bbox 1664 1950 1940 2000; x_wconf 83' lang='lat' dir='ltr'><strong>Evam&#39;am:</strong></span> <span class='ocrx_word' id='word_1_164' title='bbox 1963 1951 2099 1999; x_wconf 88' lang='lat' dir='ltr'><strong>bene</strong></span> <span class='ocrx_word' id='word_1_165' title='bbox 2120 1955 2297 2000; x_wconf 82' lang='lat' dir='ltr'><strong>tamen</strong></span> 
     </span>
     <span class='ocr_line' id='line_1_23' title="bbox 221 2031 2293 2098; baseline 0.001 -16"><span class='ocrx_word' id='word_1_166' title='bbox 221 2034 384 2084; x_wconf 82' lang='lat' dir='ltr'><strong>habet</strong></span> <span class='ocrx_word' id='word_1_167' title='bbox 415 2033 573 2082; x_wconf 88' lang='lat' dir='ltr'><strong>lectio</strong></span> <span class='ocrx_word' id='word_1_168' title='bbox 607 2031 834 2098; x_wconf 83' lang='lat' dir='ltr'><strong>vulgata.</strong></span> <span class='ocrx_word' id='word_1_169' title='bbox 889 2035 1132 2082; x_wconf 68' lang='lat' dir='ltr'><strong>Mevaniae</strong></span> <span class='ocrx_word' id='word_1_170' title='bbox 1167 2033 1305 2082; x_wconf 88' lang='lat' dir='ltr'><strong>enim</strong></span> <span class='ocrx_word' id='word_1_171' title='bbox 1339 2034 1651 2082; x_wconf 83' lang='lat' dir='ltr'><strong>mentionem</strong></span> <span class='ocrx_word' id='word_1_172' title='bbox 1684 2034 1884 2083; x_wconf 85' lang='lat' dir='ltr'><strong>faciunt</strong></span> <span class='ocrx_word' id='word_1_173' title='bbox 1914 2033 2126 2083; x_wconf 81' lang='lat' dir='ltr'><strong>Orosius</strong></span> <span class='ocrx_word' id='word_1_174' title='bbox 2164 2033 2193 2082; x_wconf 93' lang='lat' dir='ltr'><strong>I</strong></span> <span class='ocrx_word' id='word_1_175' title='bbox 2206 2071 2219 2098; x_wconf 93' lang='lat'><strong>,</strong></span> <span class='ocrx_word' id='word_1_176' title='bbox 2244 2037 2293 2085; x_wconf 83' lang='grc'><strong>2.</strong></span> 
     </span>
     <span class='ocr_line' id='line_1_24' title="bbox 217 2114 2297 2180; baseline 0.001 -16"><span class='ocrx_word' id='word_1_177' title='bbox 217 2116 387 2166; x_wconf 83' lang='lat' dir='ltr'><strong>Iulius</strong></span> <span class='ocrx_word' id='word_1_178' title='bbox 409 2116 673 2166; x_wconf 84' lang='lat' dir='ltr'><strong>Honorius</strong></span> <span class='ocrx_word' id='word_1_179' title='bbox 695 2131 747 2180; x_wconf 89' lang='lat' dir='ltr'><strong>p.</strong></span> <span class='ocrx_word' id='word_1_180' title='bbox 777 2118 856 2165; x_wconf 90' lang='grc'><strong>10.</strong></span> <span class='ocrx_word' id='word_1_181' title='bbox 879 2116 1125 2166; x_wconf 85' lang='lat' dir='ltr'><strong>Aethicus</strong></span> <span class='ocrx_word' id='word_1_182' title='bbox 1146 2131 1201 2180; x_wconf 85' lang='lat' dir='ltr'><strong>p.</strong></span> <span class='ocrx_word' id='word_1_183' title='bbox 1228 2117 1309 2166; x_wconf 82' lang='lat'><strong>34.</strong></span> <span class='ocrx_word' id='word_1_184' title='bbox 1336 2117 1461 2180; x_wconf 89' lang='lat' dir='ltr'><strong>quin</strong></span> <span class='ocrx_word' id='word_1_185' title='bbox 1490 2117 1556 2167; x_wconf 87' lang='lat' dir='ltr'><strong>de</strong></span> <span class='ocrx_word' id='word_1_186' title='bbox 1592 2114 1793 2168; x_wconf 79' lang='lat' dir='ltr'><strong>duabus</strong></span> <span class='ocrx_word' id='word_1_187' title='bbox 1820 2117 2077 2166; x_wconf 81' lang='lat' dir='ltr'><strong>Mevaniis</strong></span> <span class='ocrx_word' id='word_1_188' title='bbox 2112 2115 2297 2167; x_wconf 77' lang='lat' dir='ltr'><strong>insulis</strong></span> 
     </span>
     <span class='ocr_line' id='line_1_25' title="bbox 219 2198 2295 2266; baseline 0.001 -18"><span class='ocrx_word' id='word_1_189' title='bbox 219 2199 454 2262; x_wconf 84' lang='lat' dir='ltr'><strong>loquitur</strong></span> <span class='ocrx_word' id='word_1_190' title='bbox 485 2198 630 2248; x_wconf 84' lang='lat' dir='ltr'><strong>Beda</strong></span> <span class='ocrx_word' id='word_1_191' title='bbox 663 2199 921 2250; x_wconf 79' lang='lat' dir='ltr'><strong>Venerab.</strong></span> <span class='ocrx_word' id='word_1_192' title='bbox 957 2200 1157 2252; x_wconf 87' lang='lat' dir='ltr'><strong>Histor.</strong></span> <span class='ocrx_word' id='word_1_193' title='bbox 1197 2201 1381 2250; x_wconf 83' lang='lat' dir='ltr'><strong>eccles.</strong></span> <span class='ocrx_word' id='word_1_194' title='bbox 1416 2205 1555 2266; x_wconf 85' lang='lat' dir='ltr'><strong>gent.</strong></span> <span class='ocrx_word' id='word_1_195' title='bbox 1584 2201 1737 2266; x_wconf 84' lang='lat' dir='ltr'><strong>Angl.</strong></span> <span class='ocrx_word' id='word_1_196' title='bbox 1762 2200 1834 2263; x_wconf 90' lang='grc' dir='ltr'><strong>Π,</strong></span> <span class='ocrx_word' id='word_1_197' title='bbox 1861 2201 1909 2261; x_wconf 84' lang='grc'><strong>5,</strong></span> <span class='ocrx_word' id='word_1_198' title='bbox 1934 2203 1984 2254; x_wconf 85' lang='grc'><strong>9.</strong></span> <span class='ocrx_word' id='word_1_199' title='bbox 2008 2215 2167 2265; x_wconf 85' lang='lat' dir='ltr'><strong>quare</strong></span> <span class='ocrx_word' id='word_1_200' title='bbox 2189 2215 2295 2252; x_wconf 88' lang='lat' dir='ltr'><strong>non</strong></span> 
     </span>
     <span class='ocr_line' id='line_1_26' title="bbox 223 2281 2296 2346; baseline 0.003 -15"><span class='ocrx_word' id='word_1_201' title='bbox 223 2287 350 2346; x_wconf 84' lang='lat' dir='ltr'><strong>erat,</strong></span> <span class='ocrx_word' id='word_1_202' title='bbox 385 2281 526 2346; x_wconf 92' lang='lat' dir='ltr'><strong>quod</strong></span> <span class='ocrx_word' id='word_1_203' title='bbox 547 2284 834 2332; x_wconf 73' lang='lat' dir='ltr'><strong>Mevaniam</strong></span> <span class='ocrx_word' id='word_1_204' title='bbox 858 2283 1030 2334; x_wconf 81' lang='lat' dir='ltr'><strong>Orosii</strong></span> <span class='ocrx_word' id='word_1_205' title='bbox 1051 2283 1107 2332; x_wconf 88' lang='lat' dir='ltr'><strong>in</strong></span> <span class='ocrx_word' id='word_1_206' title='bbox 1128 2284 1417 2334; x_wconf 71' lang='lat' dir='ltr'><strong>Menavtam</strong></span> <span class='ocrx_word' id='word_1_207' title='bbox 1438 2288 1661 2334; x_wconf 82' lang='lat' dir='ltr'><strong>mutaret</strong></span> <span class='ocrx_word' id='word_1_208' title='bbox 1684 2283 1936 2334; x_wconf 73' lang='lat' dir='ltr'><strong>cellarius</strong></span> <span class='ocrx_word' id='word_1_209' title='bbox 1961 2283 2024 2335; x_wconf 81' lang='lat' dir='ltr'><strong>Gr.</strong></span> <span class='ocrx_word' id='word_1_210' title='bbox 2047 2285 2109 2346; x_wconf 76' lang='grc' dir='ltr'><strong>ᾼ.</strong></span> <span class='ocrx_word' id='word_1_211' title='bbox 2133 2285 2197 2334; x_wconf 91' lang='lat' dir='ltr'><strong>L.</strong></span> <span class='ocrx_word' id='word_1_212' title='bbox 2222 2285 2296 2338; x_wconf 91' lang='grc' dir='ltr'><strong>Π.</strong></span> 
     </span>
     <span class='ocr_line' id='line_1_27' title="bbox 223 2364 2295 2430; baseline 0.002 -17"><span class='ocrx_word' id='word_1_213' title='bbox 223 2379 267 2413; x_wconf 86' lang='lat' dir='ltr'><strong>c.</strong></span> <span class='ocrx_word' id='word_1_214' title='bbox 291 2365 342 2412; x_wconf 80' lang='lat'><strong>4.</strong></span> <span class='ocrx_word' id='word_1_215' title='bbox 369 2364 418 2426; x_wconf 74' lang='lat'><strong>§-</strong></span> <span class='ocrx_word' id='word_1_216' title='bbox 445 2366 528 2414; x_wconf 86' lang='lat'><strong>81.</strong></span> <span class='ocrx_word' id='word_1_217' title='bbox 564 2391 633 2402; x_wconf 90' lang='lat'>—</span> <span class='ocrx_word' id='word_1_218' title='bbox 681 2381 884 2416; x_wconf 80' lang='lat' dir='ltr'><strong>numero</strong></span> <span class='ocrx_word' id='word_1_219' title='bbox 927 2369 1132 2428; x_wconf 71' lang='lat' dir='ltr'><strong>tn‘ytnta</strong></span> <span class='ocrx_word' id='word_1_220' title='bbox 1169 2366 1289 2429; x_wconf 79' lang='lat' dir='ltr'><strong>tres)</strong></span> <span class='ocrx_word' id='word_1_221' title='bbox 1330 2367 1487 2416; x_wconf 90' lang='lat' dir='ltr'><strong>Hunc</strong></span> <span class='ocrx_word' id='word_1_222' title='bbox 1526 2383 1795 2416; x_wconf 89' lang='lat' dir='ltr'><strong>numerum</strong></span> <span class='ocrx_word' id='word_1_223' title='bbox 1827 2369 2128 2430; x_wconf 84' lang='lat' dir='ltr'><strong>praeferunt</strong></span> <span class='ocrx_word' id='word_1_224' title='bbox 2160 2369 2295 2418; x_wconf 81' lang='lat' dir='ltr'><strong>Pan.</strong></span> 
     </span>
     <span class='ocr_line' id='line_1_28' title="bbox 221 2447 2296 2516; baseline 0.002 -20"><span class='ocrx_word' id='word_1_225' title='bbox 221 2447 398 2497; x_wconf 82' lang='lat' dir='ltr'><strong>Ambr.</strong></span> <span class='ocrx_word' id='word_1_226' title='bbox 424 2447 628 2497; x_wconf 84' lang='lat' dir='ltr'><strong>Monac.</strong></span> <span class='ocrx_word' id='word_1_227' title='bbox 655 2449 748 2498; x_wconf 89' lang='lat' dir='ltr'><strong>sed</strong></span> <span class='ocrx_word' id='word_1_228' title='bbox 769 2449 827 2498; x_wconf 88' lang='lat' dir='ltr'><strong>in</strong></span> <span class='ocrx_word' id='word_1_229' title='bbox 849 2450 954 2516; x_wconf 87' lang='lat' dir='ltr'><strong>Mg.</strong></span> <span class='ocrx_word' id='word_1_230' title='bbox 981 2451 1094 2499; x_wconf 82' lang='lat' dir='ltr'><strong>Par.</strong></span> <span class='ocrx_word' id='word_1_231' title='bbox 1121 2451 1320 2500; x_wconf 85' lang='lat' dir='ltr'><strong>XXIII.</strong></span> <span class='ocrx_word' id='word_1_232' title='bbox 1349 2451 1673 2513; x_wconf 83' lang='lat' dir='ltr'><strong>exhibentur,</strong></span> <span class='ocrx_word' id='word_1_233' title='bbox 1696 2451 1941 2498; x_wconf 84' lang='lat' dir='ltr'><strong>XXXIV.</strong></span> <span class='ocrx_word' id='word_1_234' title='bbox 1968 2450 2144 2514; x_wconf 69' lang='lat' dir='ltr'><strong>vulgo,</strong></span> <span class='ocrx_word' id='word_1_235' title='bbox 2212 2451 2296 2500; x_wconf 87' lang='lat' dir='ltr'><strong>De</strong></span> 
     </span>
     <span class='ocr_line' id='line_1_29' title="bbox 220 2531 2298 2600; baseline 0.001 -21"><span class='ocrx_word' id='word_1_236' title='bbox 220 2545 436 2580; x_wconf 85' lang='lat' dir='ltr'><strong>numero</strong></span> <span class='ocrx_word' id='word_1_237' title='bbox 458 2536 633 2581; x_wconf 82' lang='lat' dir='ltr'><strong>autem</strong></span> <span class='ocrx_word' id='word_1_238' title='bbox 657 2531 918 2582; x_wconf 84' lang='lat' dir='ltr'><strong>Orcadum</strong></span> <span class='ocrx_word' id='word_1_239' title='bbox 939 2533 1064 2584; x_wconf 85' lang='lat' dir='ltr'><strong>licet</strong></span> <span class='ocrx_word' id='word_1_240' title='bbox 1087 2532 1403 2597; x_wconf 80' lang='lat' dir='ltr'><strong>disceptetur</strong></span> <span class='ocrx_word' id='word_1_241' title='bbox 1426 2531 1494 2598; x_wconf 58' lang='lat' dir='ltr'><strong>(va</strong></span> <span class='ocrx_word' id='word_1_242' title='bbox 1515 2532 1803 2583; x_wconf 83' lang='lat' dir='ltr'><strong>Tzschuck.</strong></span> <span class='ocrx_word' id='word_1_243' title='bbox 1823 2532 1892 2581; x_wconf 82' lang='lat' dir='ltr'><strong>ad</strong></span> <span class='ocrx_word' id='word_1_244' title='bbox 1907 2531 2029 2581; x_wconf 89' lang='lat' dir='ltr'><strong>Mel.</strong></span> <span class='ocrx_word' id='word_1_245' title='bbox 2048 2532 2148 2595; x_wconf 87' lang='lat'><strong>111,</strong></span> <span class='ocrx_word' id='word_1_246' title='bbox 2170 2535 2217 2597; x_wconf 87' lang='lat'><strong>6,</strong></span> <span class='ocrx_word' id='word_1_247' title='bbox 2238 2531 2298 2600; x_wconf 80' lang='lat'><strong>⁷)</strong></span> 
     </span>
     <span class='ocr_line' id='line_1_30' title="bbox 220 2613 2303 2680; baseline 0.002 -18"><span class='ocrx_word' id='word_1_248' title='bbox 220 2618 280 2662; x_wconf 86' lang='lat' dir='ltr'><strong>ut</strong></span> <span class='ocrx_word' id='word_1_249' title='bbox 299 2613 510 2663; x_wconf 89' lang='lat' dir='ltr'><strong>illorum</strong></span> <span class='ocrx_word' id='word_1_250' title='bbox 531 2615 870 2678; x_wconf 85' lang='lat' dir='ltr'><strong>amplecterer</strong></span> <span class='ocrx_word' id='word_1_251' title='bbox 890 2616 1181 2680; x_wconf 89' lang='lat' dir='ltr'><strong>lectionem,</strong></span> <span class='ocrx_word' id='word_1_252' title='bbox 1205 2616 1368 2666; x_wconf 83' lang='lat' dir='ltr'><strong>movit</strong></span> <span class='ocrx_word' id='word_1_253' title='bbox 1388 2630 1488 2678; x_wconf 88' lang='lat' dir='ltr'><strong>me,</strong></span> <span class='ocrx_word' id='word_1_254' title='bbox 1531 2619 1683 2678; x_wconf 89' lang='lat' dir='ltr'><strong>qu&#39;em</strong></span> <span class='ocrx_word' id='word_1_255' title='bbox 1705 2615 1791 2664; x_wconf 86' lang='lat' dir='ltr'><strong>hic</strong></span> <span class='ocrx_word' id='word_1_256' title='bbox 1815 2629 1941 2678; x_wconf 86' lang='lat' dir='ltr'><strong>prae</strong></span> <span class='ocrx_word' id='word_1_257' title='bbox 1958 2616 2119 2666; x_wconf 90' lang='lat' dir='ltr'><strong>oculis</strong></span> <span class='ocrx_word' id='word_1_258' title='bbox 2134 2615 2303 2666; x_wconf 77' lang='lat' dir='ltr'><strong>habe-</strong></span> 
     </span>
     <span class='ocr_line' id='line_1_31' title="bbox 219 2695 2302 2765; baseline 0.001 -19"><span class='ocrx_word' id='word_1_259' title='bbox 219 2695 312 2746; x_wconf 84' lang='lat' dir='ltr'><strong>bat</strong></span> <span class='ocrx_word' id='word_1_260' title='bbox 333 2703 527 2760; x_wconf 83' lang='lat' dir='ltr'><strong>noster,</strong></span> <span class='ocrx_word' id='word_1_261' title='bbox 553 2697 766 2748; x_wconf 83' lang='lat' dir='ltr'><strong>Orosius</strong></span> <span class='ocrx_word' id='word_1_262' title='bbox 788 2697 842 2762; x_wconf 90' lang='lat'><strong>1,</strong></span> <span class='ocrx_word' id='word_1_263' title='bbox 867 2700 914 2747; x_wconf 79' lang='lat'><strong>2.</strong></span> <span class='ocrx_word' id='word_1_264' title='bbox 949 2697 1250 2765; x_wconf 88' lang='lat' dir='ltr'><strong>(Orcadum)</strong></span> <span class='ocrx_word' id='word_1_265' title='bbox 1283 2703 1463 2762; x_wconf 73' lang='lat' dir='ltr'><strong>viqintt</strong></span> <span class='ocrx_word' id='word_1_266' title='bbox 1486 2699 1701 2748; x_wconf 75' lang='lat' dir='ltr'><strong>desertae</strong></span> <span class='ocrx_word' id='word_1_267' title='bbox 1720 2703 1851 2760; x_wconf 77' lang='lat' dir='ltr'><strong>sunt,</strong></span> <span class='ocrx_word' id='word_1_268' title='bbox 1878 2699 2107 2748; x_wconf 80' lang='lat' dir='ltr'><strong>tredecim</strong></span> <span class='ocrx_word' id='word_1_269' title='bbox 2130 2702 2302 2749; x_wconf 79' lang='lat' dir='ltr'><strong>colun-</strong></span> 
     </span>
     <span class='ocr_line' id='line_1_32' title="bbox 221 2780 2299 2850; baseline 0 -20"><span class='ocrx_word' id='word_1_270' title='bbox 221 2786 303 2830; x_wconf 73' lang='lat' dir='ltr'><strong>tur</strong></span> <span class='ocrx_word' id='word_1_271' title='bbox 325 2780 519 2844; x_wconf 86' lang='lat' dir='ltr'><strong>quique</strong></span> <span class='ocrx_word' id='word_1_272' title='bbox 541 2785 776 2830; x_wconf 83' lang='lat' dir='ltr'><strong>nostrum</strong></span> <span class='ocrx_word' id='word_1_273' title='bbox 801 2783 1070 2846; x_wconf 80' lang='lat' dir='ltr'><strong>exscripsit</strong></span> <span class='ocrx_word' id='word_1_274' title='bbox 1093 2783 1433 2850; x_wconf 81' lang='lat' dir='ltr'><strong>Geographus</strong></span> <span class='ocrx_word' id='word_1_275' title='bbox 1456 2783 1586 2833; x_wconf 81' lang='lat' dir='ltr'><strong>Rav.</strong></span> <span class='ocrx_word' id='word_1_276' title='bbox 1612 2781 1678 2844; x_wconf 90' lang='lat' dir='ltr'><strong>V,</strong></span> <span class='ocrx_word' id='word_1_277' title='bbox 1705 2783 1787 2832; x_wconf 81' lang='grc'><strong>32.</strong></span> <span class='ocrx_word' id='word_1_278' title='bbox 1823 2785 1939 2828; x_wconf 69' lang='lat' dir='ltr'><strong>sunt</strong></span> <span class='ocrx_word' id='word_1_279' title='bbox 1970 2794 2175 2830; x_wconf 78' lang='lat' dir='ltr'><strong>numero</strong></span> <span class='ocrx_word' id='word_1_280' title='bbox 2217 2784 2299 2830; x_wconf 73' lang='lat' dir='ltr'><strong>i‘n-</strong></span> 
     </span>
     <span class='ocr_line' id='line_1_33' title="bbox 219 2865 2299 2933; baseline -0 -20"><span class='ocrx_word' id='word_1_281' title='bbox 219 2869 356 2913; x_wconf 74' lang='lat' dir='ltr'><strong>sulae</strong></span> <span class='ocrx_word' id='word_1_282' title='bbox 381 2866 616 2912; x_wconf 88' lang='lat' dir='ltr'><strong>XXXIII</strong></span> <span class='ocrx_word' id='word_1_283' title='bbox 631 2879 752 2926; x_wconf 77' lang='lat' dir='ltr'><strong>quae</strong></span> <span class='ocrx_word' id='word_1_284' title='bbox 774 2871 820 2914; x_wconf 89' lang='lat' dir='ltr'><strong>et</strong></span> <span class='ocrx_word' id='word_1_285' title='bbox 841 2867 1092 2917; x_wconf 71' lang='lat' dir='ltr'><strong>Dorcades</strong></span> <span class='ocrx_word' id='word_1_286' title='bbox 1127 2867 1191 2933; x_wconf 79' lang='lat' dir='ltr'><strong>(l.</strong></span> <span class='ocrx_word' id='word_1_287' title='bbox 1215 2872 1262 2916; x_wconf 86' lang='lat' dir='ltr'><strong>et</strong></span> <span class='ocrx_word' id='word_1_288' title='bbox 1288 2865 1521 2932; x_wconf 74' lang='lat' dir='ltr'><strong>Oreades)</strong></span> <span class='ocrx_word' id='word_1_289' title='bbox 1544 2867 1869 2928; x_wconf 79' lang='lat' dir='ltr'><strong>appellantur.</strong></span> <span class='ocrx_word' id='word_1_290' title='bbox 1930 2867 2049 2924; x_wconf 83' lang='lat' dir='ltr'><strong>Quoe</strong></span> <span class='ocrx_word' id='word_1_291' title='bbox 2072 2868 2299 2926; x_wconf 72' lang='lat' dir='ltr'><strong>quamvis</strong></span> 
     </span>
     <span class='ocr_line' id='line_1_34' title="bbox 219 2946 2295 3014; baseline -0 -18"><span class='ocrx_word' id='word_1_292' title='bbox 219 2961 321 2996; x_wconf 75' lang='lat' dir='ltr'><strong>non</strong></span> <span class='ocrx_word' id='word_1_293' title='bbox 343 2951 556 2997; x_wconf 69' lang='lat' dir='ltr'><strong>eaetsmnt</strong></span> <span class='ocrx_word' id='word_1_294' title='bbox 579 2963 746 2998; x_wconf 75' lang='lat' dir='ltr'><strong>omnes</strong></span> <span class='ocrx_word' id='word_1_295' title='bbox 767 2955 983 3000; x_wconf 77' lang='lat' dir='ltr'><strong>excultae</strong></span> <span class='ocrx_word' id='word_1_296' title='bbox 1005 2956 1102 3002; x_wconf 88' lang='lat' dir='ltr'><strong>cet.</strong></span> <span class='ocrx_word' id='word_1_297' title='bbox 1139 2979 1207 2988; x_wconf 92' lang='lat'><strong>--</strong></span> <span class='ocrx_word' id='word_1_298' title='bbox 1241 2951 1401 2999; x_wconf 81' lang='lat' dir='ltr'><strong>Habet</strong></span> <span class='ocrx_word' id='word_1_299' title='bbox 1425 2955 1470 2997; x_wconf 84' lang='lat' dir='ltr'><strong>et</strong></span> <span class='ocrx_word' id='word_1_300' title='bbox 1492 2951 1549 2997; x_wconf 79' lang='lat' dir='ltr'><strong>in</strong></span> <span class='ocrx_word' id='word_1_301' title='bbox 1566 2951 1742 2996; x_wconf 72' lang='lat' dir='ltr'><strong>ultimo</strong></span> <span class='ocrx_word' id='word_1_302' title='bbox 1768 2946 1885 3014; x_wconf 88' lang='lat' dir='ltr'><strong>cet.)</strong></span> <span class='ocrx_word' id='word_1_303' title='bbox 1917 2947 2017 2998; x_wconf 83' lang='lat' dir='ltr'><strong>Pro</strong></span> <span class='ocrx_word' id='word_1_304' title='bbox 2052 2948 2225 2998; x_wconf 73' lang='lat' dir='ltr'><strong>verbis</strong></span> <span class='ocrx_word' id='word_1_305' title='bbox 2247 2951 2295 2996; x_wconf 86' lang='lat' dir='ltr'><strong>et</strong></span> 
     </span>
     <span class='ocr_line' id='line_1_35' title="bbox 219 3030 2295 3100; baseline -0.001 -20"><span class='ocrx_word' id='word_1_306' title='bbox 219 3035 274 3080; x_wconf 80' lang='lat' dir='ltr'><strong>in</strong></span> <span class='ocrx_word' id='word_1_307' title='bbox 295 3033 432 3082; x_wconf 82' lang='lat' dir='ltr'><strong>sistit</strong></span> <span class='ocrx_word' id='word_1_308' title='bbox 450 3038 498 3081; x_wconf 84' lang='lat' dir='ltr'><strong>et</strong></span> <span class='ocrx_word' id='word_1_309' title='bbox 518 3047 606 3081; x_wconf 80' lang='lat' dir='ltr'><strong>nec</strong></span> <span class='ocrx_word' id='word_1_310' title='bbox 627 3032 733 3096; x_wconf 86' lang='lat' dir='ltr'><strong>Mg.</strong></span> <span class='ocrx_word' id='word_1_311' title='bbox 757 3032 874 3086; x_wconf 82' lang='lat' dir='ltr'><strong>Par.</strong></span> <span class='ocrx_word' id='word_1_312' title='bbox 908 3061 968 3070; x_wconf 95' lang='lat'><strong>—</strong></span> <span class='ocrx_word' id='word_1_313' title='bbox 1015 3032 1214 3100; x_wconf 76' lang='lat' dir='ltr'><strong>Thylen)</strong></span> <span class='ocrx_word' id='word_1_314' title='bbox 1232 3033 1333 3085; x_wconf 81' lang='lat' dir='ltr'><strong>Ed.</strong></span> <span class='ocrx_word' id='word_1_315' title='bbox 1350 3031 1629 3082; x_wconf 88' lang='lat' dir='ltr'><strong>Lindenbr.</strong></span> <span class='ocrx_word' id='word_1_316' title='bbox 1655 3033 1840 3080; x_wconf 77' lang='lat' dir='ltr'><strong>Thulen</strong></span> <span class='ocrx_word' id='word_1_317' title='bbox 1848 3050 1867 3091; x_wconf 92' lang='lat'><strong>,·</strong></span> <span class='ocrx_word' id='word_1_318' title='bbox 1888 3030 2105 3095; x_wconf 85' lang='lat' dir='ltr'><strong>perinde</strong></span> <span class='ocrx_word' id='word_1_319' title='bbox 2120 3034 2295 3080; x_wconf 83' lang='lat' dir='ltr'><strong>tamen</strong></span> 
     </span>
     <span class='ocr_line' id='line_1_36' title="bbox 219 3112 2295 3182; baseline -0.001 -18"><span class='ocrx_word' id='word_1_320' title='bbox 219 3120 310 3178; x_wconf 85' lang='lat' dir='ltr'><strong>est,</strong></span> <span class='ocrx_word' id='word_1_321' title='bbox 336 3114 607 3165; x_wconf 83' lang='lat' dir='ltr'><strong>utromodo</strong></span> <span class='ocrx_word' id='word_1_322' title='bbox 629 3116 808 3180; x_wconf 79' lang='lat' dir='ltr'><strong>legas3</strong></span> <span class='ocrx_word' id='word_1_323' title='bbox 845 3117 948 3169; x_wconf 84' lang='lat' dir='ltr'><strong>vid.</strong></span> <span class='ocrx_word' id='word_1_324' title='bbox 973 3133 1106 3182; x_wconf 85' lang='lat' dir='ltr'><strong>quae</strong></span> <span class='ocrx_word' id='word_1_325' title='bbox 1141 3117 1206 3166; x_wconf 91' lang='lat' dir='ltr'><strong>de</strong></span> <span class='ocrx_word' id='word_1_326' title='bbox 1238 3117 1334 3167; x_wconf 85' lang='lat' dir='ltr'><strong>illa</strong></span> <span class='ocrx_word' id='word_1_327' title='bbox 1366 3116 1619 3180; x_wconf 80' lang='lat' dir='ltr'><strong>scriptura</strong></span> <span class='ocrx_word' id='word_1_328' title='bbox 1651 3113 1916 3178; x_wconf 79' lang='lat' dir='ltr'><strong>disputant</strong></span> <span class='ocrx_word' id='word_1_329' title='bbox 1938 3112 2295 3163; x_wconf 85' lang='lat' dir='ltr'><strong>Tzschuckius</strong></span> 
     </span>
     <span class='ocr_line' id='line_1_37' title="bbox 219 3191 2293 3267; baseline -0.001 -19"><span class='ocrx_word' id='word_1_330' title='bbox 219 3199 286 3248; x_wconf 87' lang='lat' dir='ltr'><strong>ad</strong></span> <span class='ocrx_word' id='word_1_331' title='bbox 303 3200 430 3252; x_wconf 84' lang='lat' dir='ltr'><strong>Mel.</strong></span> <span class='ocrx_word' id='word_1_332' title='bbox 451 3199 549 3261; x_wconf 85' lang='grc' dir='ltr'><strong>ΠΙ,</strong></span> <span class='ocrx_word' id='word_1_333' title='bbox 578 3201 626 3264; x_wconf 82' lang='grc'><strong>6,</strong></span> <span class='ocrx_word' id='word_1_334' title='bbox 653 3201 686 3249; x_wconf 88' lang='grc'>8</span> <span class='ocrx_word' id='word_1_335' title='bbox 709 3205 762 3250; x_wconf 86' lang='lat' dir='ltr'><strong>et</strong></span> <span class='ocrx_word' id='word_1_336' title='bbox 783 3200 1016 3267; x_wconf 79' lang='lat' dir='ltr'><strong>Wagner</strong></span> <span class='ocrx_word' id='word_1_337' title='bbox 1037 3201 1106 3250; x_wconf 84' lang='lat' dir='ltr'><strong>ad</strong></span> <span class='ocrx_word' id='word_1_338' title='bbox 1127 3201 1313 3265; x_wconf 80' lang='lat' dir='ltr'><strong>Virgil.</strong></span> <span class='ocrx_word' id='word_1_339' title='bbox 1338 3199 1526 3264; x_wconf 81' lang='lat' dir='ltr'><strong>Georg.</strong></span> <span class='ocrx_word' id='word_1_340' title='bbox 1554 3200 1601 3262; x_wconf 91' lang='lat'><strong>1,</strong></span> <span class='ocrx_word' id='word_1_341' title='bbox 1626 3199 1707 3246; x_wconf 85' lang='grc'><strong>30.</strong></span> <span class='ocrx_word' id='word_1_342' title='bbox 1743 3223 1809 3234; x_wconf 86' lang='lat'><strong>-—·</strong></span> <span class='ocrx_word' id='word_1_343' title='bbox 1841 3200 1971 3246; x_wconf 78' lang='lat' dir='ltr'><strong>inter</strong></span> <span class='ocrx_word' id='word_1_344' title='bbox 2002 3194 2128 3261; x_wconf 78' lang='lat' dir='ltr'><strong>alia)</strong></span> <span class='ocrx_word' id='word_1_345' title='bbox 2158 3191 2293 3246; x_wconf 83' lang='lat' dir='ltr'><strong>Haec</strong></span> 
     </span>
     <span class='ocr_line' id='line_1_38' title="bbox 219 3279 2296 3349; baseline -0.001 -19"><span class='ocrx_word' id='word_1_346' title='bbox 219 3281 378 3332; x_wconf 78' lang='lat' dir='ltr'><strong>verba</strong></span> <span class='ocrx_word' id='word_1_347' title='bbox 414 3283 620 3334; x_wconf 85' lang='lat' dir='ltr'><strong>restitui</strong></span> <span class='ocrx_word' id='word_1_348' title='bbox 659 3299 688 3334; x_wconf 92' lang='lat' dir='ltr'><strong>e</strong></span> <span class='ocrx_word' id='word_1_349' title='bbox 709 3285 842 3336; x_wconf 74' lang='lat' dir='ltr'><strong>Pall,</strong></span> <span class='ocrx_word' id='word_1_350' title='bbox 883 3285 1019 3334; x_wconf 83' lang='lat' dir='ltr'><strong>sistit</strong></span> <span class='ocrx_word' id='word_1_351' title='bbox 1044 3299 1246 3349; x_wconf 85' lang='lat' dir='ltr'><strong>quoque</strong></span> <span class='ocrx_word' id='word_1_352' title='bbox 1287 3299 1350 3334; x_wconf 81' lang='lat' dir='ltr'><strong>ea</strong></span> <span class='ocrx_word' id='word_1_353' title='bbox 1381 3283 1462 3334; x_wconf 90' lang='lat' dir='ltr'><strong>ed.</strong></span> <span class='ocrx_word' id='word_1_354' title='bbox 1498 3298 1578 3347; x_wconf 86' lang='lat' dir='ltr'><strong>pr.</strong></span> <span class='ocrx_word' id='word_1_355' title='bbox 1606 3285 1845 3345; x_wconf 86' lang='lat' dir='ltr'><strong>corrupta</strong></span> <span class='ocrx_word' id='word_1_356' title='bbox 1881 3293 2177 3344; x_wconf 79' lang='lat' dir='ltr'><strong>quanquam</strong></span> <span class='ocrx_word' id='word_1_357' title='bbox 2206 3279 2296 3328; x_wconf 75' lang='lat' dir='ltr'><strong>vel</strong></span> 
     </span>
     <span class='ocr_line' id='line_1_39' title="bbox 217 3363 2296 3432; baseline -0.001 -16"><span class='ocrx_word' id='word_1_358' title='bbox 217 3367 392 3428; x_wconf 81' lang='lat' dir='ltr'><strong>potius</strong></span> <span class='ocrx_word' id='word_1_359' title='bbox 415 3367 778 3430; x_wconf 86' lang='lat' dir='ltr'><strong>compendiose</strong></span> <span class='ocrx_word' id='word_1_360' title='bbox 803 3369 996 3432; x_wconf 82' lang='lat' dir='ltr'><strong>scripta</strong></span> <span class='ocrx_word' id='word_1_361' title='bbox 1031 3373 1082 3417; x_wconf 88' lang='lat' dir='ltr'><strong>et</strong></span> <span class='ocrx_word' id='word_1_362' title='bbox 1120 3367 1311 3416; x_wconf 85' lang='lat' dir='ltr'><strong>coalita</strong></span> <span class='ocrx_word' id='word_1_363' title='bbox 1340 3367 1398 3416; x_wconf 88' lang='lat' dir='ltr'><strong>in</strong></span> <span class='ocrx_word' id='word_1_364' title='bbox 1429 3381 1591 3416; x_wconf 87' lang='lat' dir='ltr'><strong>unum</strong></span> <span class='ocrx_word' id='word_1_365' title='bbox 1614 3367 1926 3416; x_wconf 79' lang='lat' dir='ltr'><strong>vocabulum</strong></span> <span class='ocrx_word' id='word_1_366' title='bbox 1947 3367 2130 3414; x_wconf 78' lang='lat' dir='ltr'><strong>Italia:</strong></span> <span class='ocrx_word' id='word_1_367' title='bbox 2157 3363 2296 3428; x_wconf 91' lang='lat' dir='ltr'><strong>quod</strong></span> 
     </span>
     <span class='ocr_line' id='line_1_40' title="bbox 219 3447 2295 3514; baseline 0 -17"><span class='ocrx_word' id='word_1_368' title='bbox 219 3462 376 3512; x_wconf 86' lang='lat' dir='ltr'><strong>quum</strong></span> <span class='ocrx_word' id='word_1_369' title='bbox 408 3448 496 3498; x_wconf 87' lang='lat' dir='ltr'><strong>hic</strong></span> <span class='ocrx_word' id='word_1_370' title='bbox 527 3450 698 3500; x_wconf 88' lang='lat' dir='ltr'><strong>locum</strong></span> <span class='ocrx_word' id='word_1_371' title='bbox 730 3451 924 3501; x_wconf 84' lang='lat' dir='ltr'><strong>habere</strong></span> <span class='ocrx_word' id='word_1_372' title='bbox 961 3466 1082 3501; x_wconf 77' lang='lat' dir='ltr'><strong>non·</strong></span> <span class='ocrx_word' id='word_1_373' title='bbox 1099 3451 1391 3514; x_wconf 58' lang='lat' dir='ltr'><strong>videretur„</strong></span> <span class='ocrx_word' id='word_1_374' title='bbox 1431 3448 1636 3499; x_wconf 85' lang='lat' dir='ltr'><strong>uncinis</strong></span> <span class='ocrx_word' id='word_1_375' title='bbox 1674 3449 1887 3498; x_wconf 86' lang='lat' dir='ltr'><strong>inclusit.</strong></span> <span class='ocrx_word' id='word_1_376' title='bbox 1923 3447 2295 3512; x_wconf 78' lang='lat' dir='ltr'><strong>Leunclavius‚</strong></span> 
     </span>
     <span class='ocr_line' id='line_1_41' title="bbox 217 3530 2299 3598; baseline 0.001 -19"><span class='ocrx_word' id='word_1_377' title='bbox 217 3530 368 3580; x_wconf 85' lang='lat' dir='ltr'><strong>eiecit</strong></span> <span class='ocrx_word' id='word_1_378' title='bbox 410 3531 691 3584; x_wconf 86' lang='lat' dir='ltr'><strong>Fomerius·</strong></span> <span class='ocrx_word' id='word_1_379' title='bbox 705 3570 718 3597; x_wconf 93' lang='lat'><strong>,</strong></span> <span class='ocrx_word' id='word_1_380' title='bbox 771 3535 1105 3598; x_wconf 82' lang='lat' dir='ltr'><strong>sequentibus</strong></span> <span class='ocrx_word' id='word_1_381' title='bbox 1159 3537 1278 3598; x_wconf 82' lang='lat' dir='ltr'><strong>post</strong></span> <span class='ocrx_word' id='word_1_382' title='bbox 1321 3532 1621 3584; x_wconf 82' lang='lat' dir='ltr'><strong>editoribus.</strong></span> <span class='ocrx_word' id='word_1_383' title='bbox 1688 3531 1924 3582; x_wconf 83' lang='lat' dir='ltr'><strong>Iordanis</strong></span> <span class='ocrx_word' id='word_1_384' title='bbox 1968 3536 2140 3581; x_wconf 77' lang='lat' dir='ltr'><strong>autem</strong></span> <span class='ocrx_word' id='word_1_385' title='bbox 2180 3543 2299 3581; x_wconf 78' lang='lat' dir='ltr'><strong>esso</strong></span> 
     </span>
     <span class='ocr_line' id='line_1_42' title="bbox 215 3607 2293 3682; baseline 0.002 -20"><span class='ocrx_word' id='word_1_386' title='bbox 215 3607 324 3676; x_wconf 80' lang='lat' dir='ltr'><strong>ina,</strong></span> <span class='ocrx_word' id='word_1_387' title='bbox 349 3619 569 3678; x_wconf 85' lang='lat' dir='ltr'><strong>apparet</strong></span> <span class='ocrx_word' id='word_1_388' title='bbox 603 3631 807 3680; x_wconf 88' lang='lat' dir='ltr'><strong>quoque</strong></span> <span class='ocrx_word' id='word_1_389' title='bbox 836 3633 899 3668; x_wconf 82' lang='lat' dir='ltr'><strong>ex</strong></span> <span class='ocrx_word' id='word_1_390' title='bbox 933 3623 1116 3682; x_wconf 82' lang='lat' dir='ltr'><strong>aperta</strong></span> <span class='ocrx_word' id='word_1_391' title='bbox 1135 3617 1301 3666; x_wconf 85' lang='lat' dir='ltr'><strong>nostri</strong></span> <span class='ocrx_word' id='word_1_392' title='bbox 1316 3615 1603 3665; x_wconf 85' lang='lat' dir='ltr'><strong>imitatione</strong></span> <span class='ocrx_word' id='word_1_393' title='bbox 1620 3615 1763 3678; x_wconf 85' lang='lat' dir='ltr'><strong>apud</strong></span> <span class='ocrx_word' id='word_1_394' title='bbox 1780 3614 2143 3681; x_wconf 83' lang='lat' dir='ltr'><strong>Geographum</strong></span> <span class='ocrx_word' id='word_1_395' title='bbox 2160 3613 2293 3668; x_wconf 76' lang='lat' dir='ltr'><strong>Rav,</strong></span> 
     </span>
     <span class='ocr_line' id='line_1_43' title="bbox 214 3693 2289 3763; baseline 0.002 -18"><span class='ocrx_word' id='word_1_396' title='bbox 214 3693 280 3759; x_wconf 82' lang='lat' dir='ltr'><strong>V,</strong></span> <span class='ocrx_word' id='word_1_397' title='bbox 305 3697 387 3745; x_wconf 84' lang='lat'><strong>33.</strong></span> <span class='ocrx_word' id='word_1_398' title='bbox 425 3703 496 3746; x_wconf 74' lang='lat' dir='ltr'><strong>est</strong></span> <span class='ocrx_word' id='word_1_399' title='bbox 518 3700 686 3750; x_wconf 77' lang='lat' dir='ltr'><strong>imula</strong></span> <span class='ocrx_word' id='word_1_400' title='bbox 707 3717 810 3763; x_wconf 80' lang='lat' dir='ltr'><strong>quoe</strong></span> <span class='ocrx_word' id='word_1_401' title='bbox 845 3703 1025 3752; x_wconf 77' lang='lat' dir='ltr'><strong>dicitur</strong></span> <span class='ocrx_word' id='word_1_402' title='bbox 1053 3702 1214 3763; x_wconf 78' lang='lat' dir='ltr'><strong>Thyle,</strong></span> <span class='ocrx_word' id='word_1_403' title='bbox 1251 3701 1312 3749; x_wconf 84' lang='lat' dir='ltr'><strong>de</strong></span> <span class='ocrx_word' id='word_1_404' title='bbox 1335 3713 1430 3762; x_wconf 79' lang='lat' dir='ltr'><strong>qua</strong></span> <span class='ocrx_word' id='word_1_405' title='bbox 1453 3704 1498 3748; x_wconf 83' lang='lat' dir='ltr'><strong>et</strong></span> <span class='ocrx_word' id='word_1_406' title='bbox 1520 3699 1825 3747; x_wconf 76' lang='lat' dir='ltr'><strong>Mantuanus</strong></span> <span class='ocrx_word' id='word_1_407' title='bbox 1844 3702 1920 3746; x_wconf 82' lang='lat' dir='ltr'><strong>ait</strong></span> <span class='ocrx_word' id='word_1_408' title='bbox 1940 3702 2069 3747; x_wconf 74' lang='lat' dir='ltr'><strong>inter</strong></span> <span class='ocrx_word' id='word_1_409' title='bbox 2088 3701 2289 3760; x_wconf 73' lang='lat' dir='ltr'><strong>reliqua.</strong></span> 
     </span>
    </p>
   </div>
  </div>
 </body>
</html>
