2567 4084
1192 146 1268 210 15

199 326 401 409 sistit,
462 345 628 412 quae
669 323 865 390 fertur
908 325 975 390 in
1017 330 1260 392 aestate
1302 326 1515 392 media
1572 327 1995 414 quadraginta
2036 332 2265 398 diebus
2300 382 2303 384 ψ

198 430 262 490 et
313 422 616 491 noctibus
677 423 851 488 luces
914 423 1152 491 habere
1215 425 1583 510 continuaS,
1646 427 1926 514 itemque
1988 430 2265 497 brumali

189 527 480 608 tempore
515 521 741 588 eodem
775 522 1018 590 dierum
1056 525 1466 611 noctiumque
1502 545 1767 592 numero
1793 527 2001 594 lucem
2028 529 2265 596 claram
2298 589 2301 594 ,

193 621 461 687 nescire.
540 620 640 686 Ita
698 621 1011 688 alternato
1085 644 1372 690 moerore
1431 643 1573 689 cum
1643 625 1879 710 gaudio
1942 627 2259 695 beneficio

189 721 330 786 aliis
378 720 740 808 damnoque
795 722 1003 810 impar
1047 730 1160 790 est.
1221 724 1308 790 Et
1336 723 1459 790 hoc
1490 745 1685 812 quare
1700 727 1731 790 ¹?
1774 725 1925 812 quia
1952 726 2262 812 prolixio-

186 819 365 884 ribus
437 819 666 885 diebus
741 821 942 886 solem
997 823 1081 889 ad
1153 823 1461 890 orientem
1516 845 1634 912 per
1704 826 1843 891 axis
1909 825 2259 908 marginem

182 919 409 986 vident
449 919 840 996 redeuntem,
883 919 1291 988 brevioribus
1334 944 1489 990 vero
1544 944 1677 990 non
1734 924 1825 989 sic
1870 924 2255 1009 conspicitur

183 1018 359 1106 apud
405 1018 572 1103 illos„
618 1019 733 1086 sed
777 1020 992 1104 aliter,
1053 1022 1204 1109 quia
1260 1023 1547 1089 austrina
1590 1023 1773 1107 signa
1816 1023 2149 1108 percurrit,
2194 1028 2259 1088 et

185 1118 293 1203 qui
349 1117 542 1182 nobis
595 1118 854 1185 videtur
911 1121 1007 1186 sol
1060 1121 1143 1188 ab
1201 1122 1330 1188 imo
1376 1141 1671 1206 surgere,
1731 1121 1856 1186 illis
1898 1142 2013 1208 per
2055 1127 2261 1191 terrae

183 1217 541 1302 marginem
600 1216 833 1284 dicitur
891 1219 1174 1288 circuire.
1242 1221 1430 1288 Aliae
1489 1241 1643 1286 vero
1703 1221 1797 1287 ibi
1852 1227 2000 1287 sunt
2040 1226 2263 1304 gentes

183 1317 602 1400 Rerefennae,
649 1317 761 1404 qui
801 1319 1262 1386 frumentorum
1292 1342 1425 1387 non
1463 1320 1821 1406 quaeritant
1857 1321 2118 1406 victum,
2138 1321 2263 1388 sed

181 1585 293 1632 qens
327 1583 454 1632 quae
487 1571 668 1618 dicitur
699 1584 734 1616 a
768 1571 938 1632 Doyit.
1009 1569 1079 1619 At
1110 1571 1399 1636 suspicatur
1442 1570 1683 1620 Zeussius
1716 1570 1751 1619 1.
1785 1569 1823 1621 1.
1856 1585 1911 1634 Ρ.
1947 1572 2064 1623 685.
2096 1572 2261 1622 latere

181 1653 402 1702 fortasse
447 1653 505 1701 in
545 1666 672 1702 voce
713 1651 808 1700 illa
848 1653 1250 1714 Seritefinnorum
1291 1667 1505 1718 nomen,
1555 1653 1695 1718 quod
1741 1653 1935 1718 fugisse
1968 1653 2259 1720 Iordanem,

183 1736 276 1799 qui
307 1735 540 1785 omnium
575 1735 768 1799 optime
803 1735 1063 1799 cognitam
1093 1734 1289 1785 habeat
1311 1735 1613 1800 scandzam,
1648 1751 1771 1786 vero
1806 1737 1975 1787 simile
1996 1753 2103 1787 non
2130 1751 2261 1788 esse.

183 1818 303 1867 Hoc
349 1822 407 1867 ut
451 1817 678 1868 concedo
694 1856 708 1883 ‚
759 1819 836 1868 ita
879 1819 969 1883 qui
1015 1833 1045 1868 e
1089 1817 1516 1869 Scritefinnorum
1548 1819 1783 1882 nomine,
1838 1819 2263 1886 depravatissimo

187 1915 486 1966 quanquam
521 1915 609 1965 eo,
661 1901 848 1962 Adoyit
877 1900 1106 1965 potuerit
1150 1900 1291 1966 fieri,
1340 1903 1549 1952 minime
1600 1901 1773 1953 video,
1840 1900 2263 1953 Scritefinnorum

186 1999 377 2034 nomen
409 1984 458 2034 si
487 1984 545 2032 in
579 1999 684 2048 qua
718 1988 1013 2048 corruptum
1046 1983 1234 2034 lateret
1263 1985 1419 2036 huius
1462 1984 1769 2034 elocutionis
1816 1999 1970 2050 voce,
2015 2000 2121 2034 non
2154 1989 2265 2034 tam

185 2069 244 2118 in
275 2069 465 2130 Adoyit
499 2065 849 2131 quaerendum
883 2065 1229 2116 existimarem
1263 2081 1420 2130 quam
1440 2068 1498 2117 in
1529 2065 1689 2117 verbo
1724 2069 1956 2128 commit,
1992 2068 2069 2120 ita
2099 2071 2158 2116 ut
2188 2067 2263 2116 le·

190 2153 420 2218 gendum
456 2156 592 2200 esset
624 2165 736 2212 qens
771 2151 901 2212 defit
933 2149 1349 2212 Scritefinnorum.
1417 2149 1487 2200 At
1520 2151 1760 2202 ductibus
1781 2151 2044 2204 literarum
2068 2150 2134 2199 ab
2163 2149 2264 2198 hac

187 2236 346 2284 etiam
387 2234 615 2284 lectione
656 2231 809 2281 nimis
850 2229 1237 2295 recedentibus,
1273 2239 1348 2292 ut,
1362 2237 1680 2299 propositam
1732 2251 1765 2284 a
1798 2251 1881 2284 me
1917 2234 2264 2283 coniecturam

187 2317 424 2380 probem,
458 2320 662 2365 tantum
695 2313 876 2366 absum
892 2352 907 2377 ,
944 2318 1006 2363 ut
1045 2314 1103 2363 in
1146 2315 1372 2365 lectione
1413 2318 1629 2384 vulgata
1672 2319 2013 2382 acquiescam.
2080 2319 2264 2382 Neque

185 2400 352 2465 magis
387 2413 544 2462 quam
575 2403 770 2462 nostra,
803 2398 930 2448 satis
963 2397 1090 2447 facit
1121 2399 1228 2448 alia
1261 2399 1576 2467 coniectura,
1624 2417 1726 2466 qua
1757 2401 1955 2463 Arboya
1986 2400 2265 2466 legendum

183 2483 495 2547 proponitur
526 2498 559 2531 a
592 2481 883 2532 Reichardo
915 2479 999 2530 in:
1038 2483 1335 2530 Gemanica
1365 2489 1509 2534 anter
1540 2487 1635 2534 den
1666 2486 1881 2534 Rdmem
1913 2499 1967 2547 p.
2002 2483 2120 2536 167.
2169 2483 2263 2533 Oe-

185 2571 355 2616 terum
387 2581 482 2615 cur
513 2566 717 2616 scilicet
753 2565 866 2629 quis
911 2578 1092 2614 vocem
1137 2567 1214 2612 tot
1256 2563 1504 2614 librorum
1536 2566 1847 2615 auctoritate
1881 2567 2265 2631 communitam,

183 2663 292 2699 non
336 2647 510 2711 video.
578 2648 708 2698 Inde
753 2649 906 2710 enim,
953 2645 1093 2711 quod
1134 2647 1287 2697 nobis
1330 2648 1597 2712 incognita
1642 2653 1721 2718 est
1765 2661 1891 2712 gens
1935 2648 2030 2698 illa
2063 2649 2263 2712 Adoqia

182 2733 399 2781 minime
433 2732 683 2795 sequitur,
717 2731 916 2780 nullam
948 2731 1156 2780 omnino
1193 2732 1305 2780 eius
1338 2731 1561 2796 nominis
1594 2731 1753 2782 fuisse
1776 2737 1981 2796 gentem
2018 2737 2070 2782 et
2094 2733 2261 2796 quali-

184 2829 388 2880 cunque
432 2814 590 2864 modo
630 2830 819 2865 nomen
862 2815 1013 2864 nobis
1057 2813 1349 2864 inauditum
1392 2815 1450 2864 in
1493 2816 1667 2866 notius
1713 2814 1971 2880 quoddam
2003 2822 2161 2880 atque
2194 2817 2261 2867 ab

185 2897 303 2947 aliis
350 2903 690 2951 memoratum
737 2912 850 2948 esse
892 2896 1212 2948 mutandum.
1258 2925 1326 2933 —
1374 2902 1602 2949 austrina
1648 2901 1790 2960 atym
1826 2902 2093 2962 percurrit)
2128 2899 2263 2953 Pau.

185 2997 304 3030 cum
336 2982 446 3046 Mg.
479 2981 600 3033 Par.
635 2985 871 3036 austrinis
903 2985 1071 3043 siquis.
1123 3007 1180 3017 —-
1232 2985 1334 3030 illis
1357 3009 1423 3019 —
1446 2984 1629 3031 dicitur
1662 2980 1889 3044 circuire)
1924 2981 2074 3030 Haec
2105 2982 2263 3032 lectio

185 3079 217 3114 a
238 3065 498 3116 Rhenano
527 3065 760 3129 profecta
795 3063 941 3128 (nam
973 3063 1052 3115 ed.
1074 3078 1156 3127 pr.
1178 3067 1293 3114 illos
1325 3065 1510 3127 habet)
1546 3065 1776 3114 firmatur
1798 3079 1831 3113 a
1849 3064 2127 3130 Freculph.
2152 3067 2261 3132 Mg,

111 3167 117 3171 ¹
184 3148 302 3198 Par.
338 3147 471 3200 Exc.
505 3175 572 3185 —
607 3142 827 3213 circuire)
862 3146 969 3210 Mg.
1003 3146 1124 3199 Par.
1160 3151 1405 3200 circuisse.
1441 3176 1507 3186 —
1538 3149 1610 3197 ibi
1644 3152 1762 3196 sunt
1792 3147 1978 3215 yeme-3)
2012 3150 2140 3198 Sunt
2172 3149 2263 3200 ad-

185 3230 315 3280 dunt
335 3229 472 3280 Pall.
507 3234 562 3278 et
593 3229 674 3279 ed.
694 3230 811 3279 Par.
839 3215 914 3267 ’--
955 3229 1278 3295 Rerefennae)
1316 3230 1405 3281 Sic
1437 3231 1569 3280 Pail.
1607 3229 1903 3280 disiunctim
1935 3246 2263 3295 quamquam,

181 3330 288 3364 rere
317 3315 534 3374 Famae,
569 3313 708 3377 quod
741 3315 796 3362 in
829 3318 991 3375 yentee
1017 3313 1173 3378 serae,
1209 3315 1406 3363 Fennae
1437 3315 1657 3364 mutavit
1678 3315 1735 3364 in
1758 3313 1837 3363 ed.
1864 3327 1960 3362 sua
1984 3313 2259 3364 Gruterus·
2244 3351 2259 3378 ‚

179 3397 432 3458 Refennae
451 3395 630 3449 Ambr‚
649 3397 854 3448 Monac.
870 3395 1098 3470 Florent.
1125 3411 1241 3445 cum
1266 3395 1375 3446 cod.
1394 3396 1511 3466 Par.
1528 3399 1589 3447 57
1596 3399 1677 3450 66
1717 3398 1981 3458 Orefmnae
1998 3398 2109 3448 cod.
2133 3399 2263 3450 Vin-

179 3480 302 3530 dob.
339 3481 455 3530 652.
523 3480 865 3542 Sco-crefennae
897 3479 1004 3546 Mg
1025 3461 1156 3530 Par.
1195 3479 1467 3542 Cresennae
1497 3480 1639 3545 Epit.
1680 3482 1950 3528 eramiae
1982 3479 2131 3530 Bonf.
2164 3487 2262 3532 tres

183 3564 458 3624 Orefennae
477 3563 652 3627 vulgo.
704 3564 773 3612 At
795 3577 1154 3627 quamcunque
1176 3561 1361 3610 harum
1385 3563 1601 3626 elegeris
1622 3577 1825 3627 vocum,-
1858 3563 2029 3614 minus
2050 3563 2262 3615 obvium

177 3645 609 3712 incognitumque
643 3645 860 3695 habebis
893 3660 1114 3696 nomem
1151 3659 1311 3710 quare
1344 3661 1449 3696 non
1482 3645 1708 3710 defuere,
1745 3647 1933 3710 quibus
1964 3648 2264 3710 Scritofenni
