2567 4084
1133 114 1254 183 147

157 290 343 359 sedes
375 292 682 379 proprias.
699 298 1030 375 remearet,
1073 308 1486 381 regnumque,
1510 296 1707 383 quod
1734 300 1916 383 pater
1946 294 2221 382 relique-2
2325 368 2345 382 ,

153 396 276 474 rat,
323 391 652 478 arriperet,
697 412 780 459 ne
810 392 1098 477 germani
1127 392 1262 457 eius
1294 393 1530 479 opibus
1554 395 1899 482 assumptis
1935 397 2219 481 paternis

154 491 674 576 Vesegotharum
715 512 984 577 regnum
1024 492 1483 578 pervaderent,
1538 496 1945 581 graviterque
1990 494 2221 563 dehinc

157 610 302 657 cum
359 590 490 657 suis
548 597 611 660 et
628 642 646 677 ,
719 593 894 679 quod
946 593 1130 679 peius
1187 598 1315 677 est,
1370 593 1819 663 miserabiliter
1883 600 2221 680 pugnaret.

157 689 312 786 Quo
350 710 660 777 responso
701 712 830 757 non
873 691 1194 775 ambigue,
1239 696 1313 765 ut
1356 691 1579 758 datum
1622 698 1738 778 est,
1784 692 1897 761 sed
1940 711 2058 778 pro
2104 710 2225 761 sua.

153 792 372 877 potius
416 792 690 859 utilitate
733 796 1050 879 suscepte,
1095 792 1333 859 relictis
1357 791 1608 861 Hunnis
1650 793 1816 859 redit
1844 794 1927 859 ad
1960 792 2221 859 Gallias.-

158 888 266 955 Sic
309 889 586 955 humana
627 890 936 977 fragilitas
967 891 1120 957 dum
1147 892 1621 978 suspicionibus
1654 893 1949 976 occurrit,
1992 911 2225 977 magna
2250 980 2265 988 -

155 988 536 1075 plerumque
579 1012 791 1057 rerum
833 990 1222 1075 agendarum
1265 990 1603 1057 occasione
1642 992 2059 1078 intercipitur.
2143 990 2227 1060 In

154 1089 284 1155 hoc
349 1090 516 1155 enim
581 1090 1003 1157 famosissimo
1063 1095 1126 1155 et
1182 1089 1667 1158 fortissimarum
1723 1094 2007 1177 gentium
2053 1090 2227 1161 bello

155 1192 240 1253 ab
298 1190 584 1275 utrisque
643 1191 936 1277 partibus
993 1194 1243 1257 centum
1294 1191 1642 1275 ,sexaginta
1700 1192 1981 1277 quinque
2025 1188 2227 1258 millia

156 1306 346 1354 caesa
404 1288 789 1370 referuntur,
859 1291 1142 1376 exceptis
1199 1288 1563 1375 quindecim
1607 1289 1889 1356 millibus
1936 1289 2227 1374 Gepida-

155 1394 466 1401 —--————
2040 1393 2146 1398 .--——
2154 1392 2221 1401 ,-

159 1454 239 1505 pr.
277 1440 416 1489 sistit
451 1454 562 1489 eam
587 1440 728 1504 Epit.
767 1454 1000 1504 quoque;
1036 1440 1176 1505 vulg.
1205 1442 1549 1489 Romanorum
1581 1439 1801 1503 primum
1822 1440 1879 1489 in
1904 1439 1983 1490 ed.
2008 1438 2225 1489 Leuncl.

152 1525 366 1589 leg-itur.
403 1544 464 1561 ....
501 1540 562 1573 ne
593 1522 1222 1587 ymni-wmadermt)
1269 1522 1358 1573 Sic
1391 1522 1533 1585 Epit.
1574 1533 1779 1585 quoque
1794 1558 1807 1585 ‚
1846 1522 2042 1575 Histor.
2080 1522 2229 1573 Misc.

153 1606 436 1671 Freculph.
471 1606 600 1655 Rod.
637 1605 730 1656 sed
761 1606 937 1655 Ambr.
977 1609 1030 1653 et
1065 1604 1215 1659 Bonf.
1251 1622 1315 1655 nc
1348 1606 1947 1667 grammius—invaderet.
1970 1606 2227 1667 -opibtu
2263 1656 2275 1663 ,

155 1692 454 1753 assumptis)
525 1688 612 1738 Sic
651 1704 746 1751 pro
793 1689 934 1753 vulg.
969 1692 1180 1751 sumptis
1213 1688 1342 1739 Pall.
1383 1704 1499 1739 cum
1532 1690 1706 1740 Ambr.
1744 1718 1803 1727 —
1850 1690 2225 1759 cheyotharum

151 1770 378 1837 reynum)
451 1772 569 1820 Vox
611 1772 752 1835 prior
793 1772 858 1819 ab
913 1770 1088 1822 Ambr.
1143 1770 1305 1821 abest.
1344 1798 1405 1807 -
1444 1768 1810 1837 miserabiliter)
1880 1770 1967 1821 Sic
2017 1770 2138 1821 inde
2191 1786 2225 1823 a

153 1856 275 1907 Par.
315 1852 430 1904 edd.
468 1868 672 1917 omnes,
727 1852 816 1903 sed
859 1852 1056 1916 priores
1101 1856 1343 1902 miscriter
1378 1858 1583 1917 tenent,
1639 1852 1778 1917 quod
1811 1868 1907 1903 nec
1941 1854 2110 1917 ipsum
2146 1856 2225 1905 est

154 1934 522 2002 spernendum,
563 1950 872 1999 quamquam
904 1934 1075 2002 rarius
1109 1936 1335 1985 obvium.
1368 1964 1434 1974 —-
1470 1934 1697 2000 occurrit)
1755 1934 1967 1984 Mallem
1999 1938 2226 1997 incurrit,

161 2018 306 2085 quod
351 2019 566 2069 verbum
612 2018 822 2069 exhibet
857 2018 942 2072 ed.
973 2033 1056 2086 pr.
1093 2018 1196 2067 nisi
1231 2018 1367 2083 quod
1400 2022 1656 2070 incurrerit
1689 2022 2068 2083 repraesentat:
2096 2032 2231 2075 non

161 2103 307 2153 enim
341 2105 523 2151 occurit
559 2102 914 2165 suspicionibus
947 2102 1176 2153 humana
1207 2102 1463 2168 fragilitas
1496 2116 1563 2153 ex
1593 2106 1764 2154 mente
1812 2100 1977 2153 nostri
2022 2098 2231 2167 quidem

161 2186 421 2251 auctoris,
475 2184 566 2235 sed
615 2187 837 2235 incurrit.
908 2184 1147 2235 Profecta
1179 2186 1386 2237 videtur
1416 2187 1571 2237 lectio
1604 2187 1748 2251 vulg.
1784 2201 1817 2235 a
1849 2184 2087 2247 librario,
2140 2184 2231 2248 qui

164 2284 286 2337 curn
331 2270 483 2318 tertio
535 2268 689 2317 etiam
733 2282 858 2319 casu
889 2268 1020 2319 strui
1049 2270 1272 2319 nesciret
1303 2273 1547 2319 incurrere
1579 2270 1810 2329 verbum.
1853 2294 1924 2307 ›-—
1970 2282 2225 2330 magma-

164 2349 481 2417 nure-cipitur)
524 2351 678 2400 Haec
712 2356 790 2401 est
821 2350 978 2401 lectio
1013 2350 1154 2415 vulg.
1189 2349 1314 2399 inde
1348 2350 1415 2399 ab
1450 2350 1527 2403 od.
1556 2350 1672 2403 Bar.
1709 2352 1810 2401 nisi
1844 2350 1981 2415 quod
2009 2354 2234 2411 plenam?

159 2452 252 2498 quc
307 2434 451 2485 deest
501 2436 684 2501 vulgo,
736 2432 876 2499 quod
925 2432 1102 2486 addidi
1152 2431 1489 2497 suadentibus
1533 2433 1664 2485 Pall.
1712 2432 1842 2487 Rod.
1898 2432 1977 2483 ed.
2030 2448 2110 2497 pr.
2162 2432 2239 2481 At

161 2519 301 2571 Pau,
337 2518 636 2581 praeferunt
678 2532 862 2581 may-na
899 2521 1184 2581 plerumque
1206 2518 1421 2579 ·a9enda
1451 2534 1645 2580 rerum,
1691 2520 1936 2568 occasione
1966 2518 2231 2577 intercipit,

169 2616 324 2666 quam
358 2601 634 2649 lectionem
667 2615 772 2650 non
805 2602 968 2665 magis
1001 2600 1262 2663 pnobarim
1298 2615 1451 2665 quam
1486 2600 1623 2665 quod
1658 2600 1735 2649 ed.
1761 2616 1838 2663 pr.
1862 2599 2021 2649 habet
2040 2612 2235 2673 ’παρῇς

167 2688 494 2747 piae-rumque
529 2684 732 2746 cymae,
771 2688 1020 2733 occasione
1053 2676 1212 2733 rerum
1246 2688 1510 2747 intercipit.
1553 2670 1807 2733 'Retinuit
1840 2682 2045 2747 quidem
2076 2682 2233 2733 huius

159 2768 440 2816 lectionem
459 2764 758 2829 Rhenanus,
794 2766 885 2817 sed
917 2766 994 2815 ita
1027 2773 1086 2817 ut
1121 2771 1423 2817 occasionem
1458 2782 1551 2829 pro
1576 2769 1827 2816 occasione
1853 2769 2093 2830 poneret:
2130 2778 2234 2828 qua

160 2857 336 2901 tamen
393 2850 708 2899 correctione
740 2866 846 2901 non
878 2851 1042 2916 magis
1076 2851 1287 2903 iuvatur
1318 2851 1491 2913 locus,
1540 2864 1694 2915 quam
1726 2850 1995 2900 Parisinae
2026 2851 2231 2899 retenta

159 2936 416 2985 lectione:
459 2934 712 2995 frayilitas
749 2934 886 2983 enim
926 2936 1146 2983 humana
1185 2948 1357 2997 neque
1400 2936 1704 2983 occasionem
1742 2935 2019 2993 intercipit,
2064 2944 2237 2993 neque

164 3022 418 3067 occasione
451 3020 758 3079 intercipitur
791 3016 882 3066 sed
917 3020 1101 3066 occasio
1133 3016 1250 3081 ipsa
1267 3020 1593 3079 'intercipitur
1607 3051 1621 3079 ,
1674 3029 1831 3081 quare
1865 3017 2053 3065 occasio
2088 3016 2240 3061 intere

166 3104 348 3162 cipitur
381 3099 612 3163 legerim,
649 3114 711 3149 ac
744 3115 837 3163 pro
871 3114 1058 3161 mayna
1091 3100 1284 3149 rectius
1318 3100 1536 3151 fortasse
1570 3099 1685 3162 quis
1716 3098 1903 3162 legerit
1922 3108 2235 3157 maynarum.

165 3209 234 3220 -
287 3188 485 3231 centum
528 3185 780 3244 seaeayinta
825 3186 1034 3247 quinque
1065 3186 1255 3243 millia)
1332 3182 1421 3233 Sic
1454 3183 1631 3235 Ambr.
1664 3182 1769 3247 Mg.
1806 3180 1921 3229 Par.
1956 3178 2233 3242 Freculph.

169 3266 295 3317 Otto
329 3266 556 3332 Frising.
603 3265 902 3318 Gothofred.
947 3266 1148 3316 Viterb.
1181 3264 1367 3315 Blond.
1408 3266 1551 3329 Epit.
1595 3266 1747 3321 Bonf.
1798 3277 1967 3327 neque
2000 3260 2243 3311 dissentit-

165 3349 368 3399 Hister.
401 3348 552 3403 Misc.
592 3349 825 3399 CLXXX
866 3351 1030 3399 millia
1073 3346 1353 3398 exhibens:
1402 3350 1487 3399 cui
1528 3360 1739 3399 numero
1784 3347 1877 3397 ubi
1922 3344 2243 3395 subtraxeris

167 3426 268 3479 XV
303 3431 400 3480 illa
449 3429 766 3495 Gepidarum
816 3436 870 3481 et
913 3430 1228 3479 Francorum
1281 3430 1475 3495 millia,
1524 3426 1795 3481 ‘restabunt
1837 3427 2025 3478 CLXV
2058 3426 2241 3483 millia.

164 3513 231 3562 In
265 3513 397 3562 Exc.
435 3518 611 3574 tamen
647 3512 837 3564 CLXX
869 3512 1033 3561 millia.
1067 3512 1315 3579 cecidisse
1347 3513 1607 3578 leguntur,
1647 3511 1804 3575 vulgo
1837 3510 2240 3574 apudnostrum

168 3596 381 3651 CLXII.
433 3624 499 3634 —
550 3602 753 3662 exceptis
785 3599 1058 3663 quindecim
1106 3594 1347 3665 millibus)
1420 3596 1503 3645 Ita.
1541 3610 1637 3659 pro
1692 3594 1835 3659 vulg.
1874 3596 1967 3643 XC
2013 3592 2243 3643 millibus

223 3672 274 3679 “““
1732 3672 1844 3725 10*
