2567 4084
1179 176 1297 241 101

370 350 622 418 XXVI.
687 352 938 438 Quibus
981 356 1215 439 evenit,
1259 359 1334 421 ut
1374 356 1611 423 assolet
1644 358 1948 442 gentibus
1996 360 2269 427 necdum

191 450 370 516 bene
433 450 576 517 loco
639 452 956 535 fundatis»,
1018 453 1289 540 penuria
1330 454 1581 537 famis5-
1612 464 2084 544 coeperuntque
2124 466 2269 545 pri-
2312 508 2317 513 -

191 555 406 613 mates
458 568 676 615 eorum
733 556 796 615 et
855 552 1048 619 duces
1065 602 1083 637 ,
1143 554 1253 640 qui
1294 571 1517 638 regum
1560 554 1700 621 vice
1741 556 1869 621 illis
1908 563 2268 642 praeerant,

189 648 264 713 id
313 652 410 713 est
449 648 872 733 Fritigernu8‚
931 651 1244 719 Alatheus
1288 659 1353 719 et
1395 653 1662 719 Safrach
1678 704 1697 737 ‚
1756 655 2068 722 exereitus
2119 656 2265 723 ino—

187 746 372 832 piam
418 747 754 815 condolere
771 799 790 835 ,
844 753 1467 840 negotiationemque
1510 774 1549 819 a
1589 754 1903 841 Lupicino
1945 754 2265 820 Maximo—

189 866 345 933 que,
401 848 834 914 Romanorum
875 850 1179 935 ducibus,
1223 860 1541 939 expetere.
1652 852 1894 919 Verum
1934 854 2087 940 quid
2132 874 2263 919 non

187 947 336 1011 auri
380 967 558 1013 sacra
598 949 799 1015 fames
842 951 1168 1036 compellit
1209 954 1614 1039 acquiescere
1634 957 1667 1021 ⁴?
1732 953 2097 1039 Coeperunt
2131 954 2261 1030 ,du-

189 1064 303 1109 ces
371 1046 642 1111 avaritia
709 1051 1129 1136 compellente
1197 1072 1329 1117 non
1387 1053 1599 1119 solum
1664 1055 1882 1120 ovium
1934 1054 2260 1139 boumque
2364 1109 2370 1117 .

189 1163 414 1211 carnes
432 1194 450 1229 ,
494 1167 719 1213 verum
768 1151 958 1215 etiam
1001 1171 1232 1217 canum
1273 1157 1338 1217 et
1377 1152 1846 1219 immundorum
1891 1152 2259 1217 animalium

186 1245 532 1311 morticina
570 1249 661 1314 eis
704 1270 822 1335 pro
867 1269 1098 1335 magno
1143 1251 1536 1336 contradere,
1580 1251 1762 1333 aden,
1812 1257 1885 1316 ut
1927 1250 2261 1338 quodlibet

186 1346 580 1433 mancipium
637 1348 706 1413 in
755 1369 954 1415 unum
1006 1369 1239 1436 panem
1290 1356 1403 1416 aut
1456 1351 1676 1416 decem
1716 1350 1912 1416 libras
1954 1352 2021 1415 in
2061 1370 2258 1415 unam

185 1463 446 1511 carnem
503 1453 953 1519 mercarentur.
1053 1450 1182 1516 Sed
1224 1450 1354 1516 iam
1396 1452 1729 1538 mancipiis
1772 1455 1837 1517 et
1878 1447 2259 1536 supellectili

180 1688 216 1736 1.
271 1688 323 1740 8.
377 1686 600 1735 recurrit
649 1686 830 1737 eadem
879 1703 983 1736 vox
1035 1692 1088 1737 et
1136 1686 1294 1753 apud‘
1323 1692 1555 1738 nostrum
1599 1702 1644 1737 e.
1681 1690 1765 1741 31.
1812 1702 2105 1752 quanquam
2146 1684 2261 1735 illio

177 1785 386 1836 quoque
420 1770 705 1819 Rhenanus
737 1771 976 1824 mutavit.

316 1854 444 1917 Gap.
480 1852 671 1902 XXVI.
749 1854 936 1914 Quibus
970 1852 1148 1919 evenit)
1198 1853 1281 1903 Ita
1321 1854 1460 1907 Pau.
1510 1867 1626 1903 cum
1674 1852 1913 1903 omnibus
1956 1853 2071 1904 edd.
2120 1866 2257 1917 quae

175 1936 424 1987 Vnica-nii
457 1935 802 1985 antecedunt:
838 1937 884 1986 is
911 1938 1108 2000 primus
1128 1939 1308 1986 Evenit
1340 1940 1415 1985 hic
1446 1938 1504 1986 in
1536 1951 1633 1987 sua
1666 1934 1825 1999 dedit,
1859 1937 1997 1990 unde
2029 1938 2086 1986 in
2117 1938 2256 1987 inse-

173 2026 392 2086 quantes
427 2023 714 2086 propagata
747 2025 825 2070 est
848 2020 979 2071 haec
1007 2020 1178 2071 lectio.
1213 2048 1282 2059 -
1314 2017 1847 2085 mutibus—fundatis)
1882 2020 2058 2071 Ambr.
2094 2024 2253 2083 cyma·
2312 2074 2319 2079 ,

170 2120 264 2171 pro
299 2108 458 2168 qemi,
513 2102 649 2167 quod
680 2104 985 2167 praeferunt
1016 2104 1145 2153 Exe.
1182 2110 1242 2153 ut
1280 2108 1334 2153 et
1362 2104 1611 2167 fundatae
1643 2118 1737 2167 pro
1768 2102 2011 2165 [tardatis.
2049 2133 2109 2141 -
2148 2119 2251 2153 coe·
2308 2100 2311 2103 ’

165 2188 464 2251 perumque)
515 2185 604 2237 Sic
635 2202 732 2251 pro
766 2187 907 2251 vulg.
945 2192 1208 2251 coeperunt
1239 2191 1407 2235 autem
1439 2186 1571 2237 Pall.
1608 2201 1725 2236 eum
1747 2184 1880 2239 Exe.
1917 2212 1985 2223 --
2015 2188 2248 2249 Fn‘tiyer-

167 2273 284 2334 πω)
320 2269 410 2320 Sic
431 2270 610 2319 Ambr.
644 2271 782 2321 infra
813 2285 1019 2335 semper
1054 2268 1199 2336 (nam
1219 2270 1309 2319 hic
1328 2271 1606 2332 Fritifma‘s
1625 2265 1875 2334 praefert)
1912 2274 1965 2319 et
1988 2270 2069 2320 ed.
2096 2270 2247 2321 Grut.

167 2370 262 2419 pro
298 2354 442 2419 vulg.
475 2354 806 2417 fnaiqemus.
877 2354 1221 2404 Consentiunt
1253 2354 1310 2401 in
1338 2353 1575 2414 flectione
1606 2358 1817 2416 recepta
1847 2354 2150 2406 Ammianus
2180 2356 2247 2407 L.
2356 2398 2362 2411 .

167 2436 349 2487 XXXI
383 2436 560 2486 multis
591 2436 739 2500 locis,
787 2436 1020 2487 Zosimus
1053 2437 1148 2501 IV,
1185 2439 1268 2500 34,
1306 2438 1354 2486 2.
1390 2436 1765 2501 Philostorgius
1798 2434 1891 2501 IX,
1928 2440 2010 2491 17.
2066 2439 2248 2490 Socra-

167 2525 246 2571 tes
279 2519 375 2581 IV,
415 2521 498 2571 33.
546 2523 598 2568 et
643 2518 963 2571 sozomenus
996 2519 1090 2583 vl,
1126 2521 1208 2568 37.
1268 2520 1465 2584 Neque*
1500 2525 1675 2570 tamen
1724 2521 1881 2570 lectio
1930 2521 2247 2582 Frt'diqcmm

171 2604 331 2668 plane
368 2602 662 2656 damnanda
679 2639 692 2666 ‚
753 2618 910 2667 quum
944 2608 996 2652 et
1028 2603 1257 2653 Isidorus
1291 2603 1358 2652 ad
1392 2602 1511 2655 Aer.
1546 2605 1662 2653 415.
1705 2603 1783 2653 ita
1830 2616 2019 2653 nomen
2078 2602 2247 2666 expri-

165 2692 274 2736 mat
320 2690 375 2735 et
423 2685 674 2751 Agathias
687 2721 700 2748 ,
745 2685 888 2750 apud
934 2701 1087 2750 quem
1125 2688 1290 2743 Τεΐας
1324 2677 1358 2737 0‘
1394 2682 1697 2757 Φριδέρνου
1732 2687 1790 2736 in
1822 2685 2147 2750 praefatione
2192 2689 2247 2736 et

165 2762 473 2838 Ἀλίγερνος
509 2759 538 2818 ὁ
577 2764 938 2839 Φριὸιγέρνου
972 2770 1016 2834 1,
1052 2773 1134 2820 20.
1170 2771 1378 2835 legitur.
1423 2798 1491 2809 ·-
1539 2768 1773 2836 Sati-ach)
1806 2770 1936 2823 Exc.
1969 2770 2244 2831 Saphrach,

163 2853 306 2917 Epit.
345 2852 521 2915 Salv-at
537 2870 556 2898 :
589 2852 862 2904 Ammiano
897 2856 1126 2919 Saphraae
1159 2859 1238 2904 est
1268 2853 1407 2909 idem
1440 2855 1478 2903 1.
1512 2855 1549 2907 l.
1582 2853 1710 2904 item
1742 2854 1945 2904 Zosimo
1978 2847 2245 2921 Σάφραξ.

163 2962 227 2970 ——
251 2933 506 3001 inopiam)
541 2935 673 2989 Rod.
711 2952 830 2986 cum
851 2937 978 2991 Exe.
1011 2942 1230 3001 inopiae.
1263 2965 1331 2976 -
1364 2935 1679 3001 acquiescere)
1715 2935 1967 3002 Suspecta
2000 2936 2130 2985 mihi
2162 2939 2243 2985 est

160 3020 293 3069 haec
347 3034 452 3068 vox
493 3020 581 3074 vel
623 3022 690 3070 ob
735 3026 1023 3071 structurae
1054 3021 1416 3083 insolentiam3
1458 3036 1529 3070 an
1561 3021 1661 3070 fuit
1692 3016 1993 3070 adsciscere?
2029 3046 2097 3058 -
2130 3020 2242 3067 ani-

159 3106 378 3151 malium
400 3102 684 3168 morticina)
718 3103 838 3152 Vox
873 3106 1173 3153 animalium
1205 3103 1266 3167 inv
1290 3102 1371 3155 ed.
1399 3103 1547 3154 Grut.
1581 3119 1685 3153 non
1721 3109 1998 3168 comparet,
2034 3101 2239 3165 omissaq

160 3190 218 3236 ut
251 3184 462 3235 videtur
482 3223 497 3250 ‚
550 3201 819 3251 operarum
853 3187 995 3237 vitio.
1051 3215 1111 3224 -—
1159 3202 1264 3253 pro
1301 3186 1505 3254 mayno)
1557 3187 1641 3236 Ita
1680 3186 1879 3237 habent
1922 3183 2241 3249 exemplaria

159 3269 350 3317 omnia.
386 3268 569 3318 Malim
599 3274 774 3319 tamen
805 3270 978 3335 legere
990 3276 1151 3334 pretio
1173 3285 1376 3335 mayno.
1405 3267 1711 3322 VULGAN.
1745 3269 1893 3321 Nihil
1912 3265 2237 3327 mutandum,

91 3366 100 3377 ·
159 3366 285 3401 sana
321 3359 403 3402 est
433 3352 590 3402 lectio
635 3354 779 3420 vulg.
833 3380 902 3391 -
953 3361 1011 3403 ut
1043 3350 1708 3419 quodlibet—mercarentur)
1757 3353 1907 3402 Haec
1958 3353 2035 3400 est
2074 3347 2235 3399 lectio

158 3434 305 3499 vulg.
346 3448 505 3498 quam
538 3436 626 3485 hic
660 3435 870 3500 quidem
899 3437 1124 3487 retinere
1155 3442 1235 3487 est
1265 3438 1435 3487 visum
1451 3474 1466 3502 ,
1500 3450 1608 3486 non
1640 3436 1779 3500 quod
1808 3448 1903 3497 pro
1932 3432 2099 3496 ipsius
2129 3429 2241 3480 Ior-

156 3516 306 3567 danis
341 3532 500 3567 manu
533 3519 758 3570 habeam
793 3534 907 3570 eam
921 3556 936 3584 ,
988 3520 1080 3570 sed
1113 3518 1251 3584 quod
1282 3520 1468 3571 ceteris
1500 3519 1769 3585 potiorem.
1824 3517 1959 3567 Nam
1988 3513 2120 3563 Pau.
2154 3526 2237 3563 re-

155 3606 490 3663 praesentant
530 3605 586 3650 in
618 3616 717 3651 uno
745 3618 880 3665 pane
911 3609 1002 3653 aut
1033 3604 1196 3653 decem
1209 3605 1366 3653 Ebria
1389 3620 1535 3655 came
1555 3606 1827 3653 mercamur
1860 3596 2035 3664 (quam
2053 3594 2237 3645 lectio-

153 3697 274 3734 nem
321 3683 522 3749 recepit
560 3683 810 3736 Gruterus
854 3687 958 3737 nisi
1001 3687 1140 3754 quod
1171 3693 1505 3738 mercar-miuv-
1535 3686 1715 3753 dedit),
1764 3683 1940 3735 Ambr.
1972 3692 2073 3739 ¹4⁰⁰
2098 3689 2234 3741 ΡΜ
