2567 4084
1291 113 1398 181 xos
1476 200 1487 209 .

259 288 262 293 ’
319 302 474 387 post
499 316 774 380 cursum,
796 282 1159 379 Thracisce,
1190 292 1465 361 luctari?
1493 294 1852 381 respondit:
1884 296 2397 381 quantumlibet,

325 398 688 483 imperator.
776 396 877 461 Ita
907 394 1204 477 Severus,
1251 414 1331 460 ex
1362 414 1527 481 equo
1557 393 1877 473 desiliens,
1920 396 2399 463 recentissimos

319 496 595 563 militum
648 515 796 561 cum
850 494 1074 561 eodem
1118 496 1359 559 certare
1408 492 1613 558 iussit.
1699 495 1792 559 At
1832 492 1942 559 ille
1984 500 2231 579 septem
2274 514 2403 559 va·-

325 596 714 665 lentissimos
757 594 1022 662 iuvenes
1066 593 1150 658 ad
1192 597 1423 659 terram
1471 592 1674 675 elisit,
1732 592 1823 663 ita
1877 597 1949 659 ut
2004 599 2193 659 antea
2235 594 2401 659 nihil

321 716 438 784 per
465 695 804 761 intervalla
833 693 1194 778 respiraret,
1241 694 1541 781 solusque
1587 714 1625 757 a
1655 692 1926 758 Caesare
1970 697 2035 757 et
2078 693 2401 775 argenteis

320 795 624 883 praemiis
657 799 720 860 et
747 812 939 858 aureo
971 797 1197 878 torque
1225 792 1499 859 donatus
1532 798 1657 875 est3
1704 791 1917 855 iussus
1960 791 2191 857 deinde
2234 791 2403 857 inter

323 894 664 980 stipatores
701 894 931 976 degere
967 892 1252 977 corporis
1274 891 1669 978 principalis.
1729 890 1889 955 Post
1914 890 2075 955 haec
2104 891 2224 957 sub
2258 893 2401 957 An-

325 994 548 1059 tonino
593 992 921 1059 Caracalla
965 992 1218 1057 ordines
1263 992 1482 1074 duxit,
1541 1010 1637 1055 ac·
1674 1010 1865 1076 saepe
1922 989 2155 1055 famam
2212 988 2401 1054 factis

326 1092 708 1173 emendem,
766 1092 931 1157 inter
973 1092 1192 1178 plures
1249 1092 1514 1157 militiae
1566 1091 1803 1173 gradus
1850 1090 2405 1174 centuriatuurque

247 1264 270 1271 ρ
327 1191 718 1257 strenuitatis
771 1210 923 1256 suae
975 1192 1251 1276 pretium
1307 1191 1474 1257 tulit.
1561 1190 1848 1254 Macrino
1904 1195 2117 1253 tamen
2174 1196 2407 1274 postea

328 1289 396 1355 in
439 1310 703 1373 regnum
745 1290 1034 1374 ingresso
1077 1290 1398 1355 recusavit
1441 1290 1731 1354 militiam
1788 1308 1993 1374 paene
2037 1289 2405 1368 triennium,

327 1388 816 1476 tribunatusque
839 1388 1104 1455 ¹habens
1131 1389 1439 1454 honorem
1464 1408 1791 1474 nunquam
1836 1408 1905 1453 se
1938 1388 2139 1453 oculis
2168 1387 2407 1453 obtulit

326 1486 617 1571 Macrini,
663 1489 1000 1572 indignum
1044 1488 1284 1554 ducens
1330 1489 1465 1553 eius
1509 1486 1869 1573 imperium,
1918 1487 2090 1573 quod
2132 1506 2250 1572 per
2281 1506 2407 1570 pa-

327 1592 563 1653 tratum
615 1586 859 1653 facinus
919 1593 1053 1652 erat
1107 1587 1509 1674 acquisitum.
1596 1588 1703 1651 Ad
1745 1586 2245 1671 Heliogabalum
2288 1586 2407 1651 de-

335 1875 466 1921 trot:
511 1868 603 1921 sed
633 1886 686 1923 v,
718 1870 889 1934 ipsum
929 1871 1024 1922 illo
1065 1870 1130 1922 de
1163 1872 1323 1923 verbo
1355 1872 1699 1936 prolixissime
1734 1870 2101 1935 disputantem.
2138 1896 2207 1909 --
2248 1871 2411 1918 Thra·

334 1951 478 2020 dece)
512 1952 703 2004 Ridule
737 1953 881 2017 Epit.
915 1942 1112 2016 trayi‘ce.
1147 1982 1212 1991 —
1260 1956 1521 2021 &sitien-⁹2
1550 1955 1635 2004 Ita
1666 1970 1759 2019 pro
1794 1954 2018 2029 lectione
2052 1954 2134 2003 ed.
2168 1969 2247 2018 pr.
2282 1956 2411 2003 diso·-

336 2041 458 2087 liem
492 2036 690 2101 primus
723 2034 866 2085 dedit
897 2036 1206 2100 Rhenanus3
1244 2039 1558 2102 astipulatur
1581 2038 1723 2102 Epit.
1748 2062 1816 2073 —-
1850 2052 1962 2086 cum
1996 2038 2163 2085 eodem
2198 2038 2409 2101 certare)

332 2118 476 2183 Epit.
515 2125 568 2168 et
599 2120 716 2183 ipsa
748 2135 856 2169 non
887 2121 1022 2169 male
1057 2136 1168 2169 cum
1198 2134 1252 2169 eo
1288 2122 1543 2171 decertare.
1579 2147 1647 2159 -
1682 2121 1901 2183 iuvenes)
1938 2118 2027 2169 Sic
2058 2120 2187 2169 Pall.
2226 2119 2402 2169 Ambr.

336 2197 445 2264 Mg.
479 2200 596 2251 Par.
631 2202 842 2251 Person.
880 2208 932 2253 et
965 2203 1108 2268 Epit.
1144 2208 1327 2253 milites
1361 2200 1536 2269 vulgo.
1572 2229 1637 2239 —
1680 2200 1920 2267 solusque)
1957 2201 2045 2252 Sic
2076 2202 2252 2251 Ambr.
2292 2216 2413 2251 cum

281 2272 284 2275 ⁴
336 2279 418 2331 ed.
445 2280 590 2334 Grut.
626 2284 684 2333 in
704 2284 918 2349 reliquis
942 2287 1130 2351 copula
1163 2302 1268 2337 non
1302 2286 1503 2337 visitur.
1540 2312 1603 2323 —-
1639 2287 1809 2348 deyere
1842 2288 2060 2347 emporis
2092 2283 2417 2351 principalis)

334 2364 442 2429 Mg.
477 2366 594 2416 Par.
629 2368 796 2417 decore
829 2380 962 2431 corp.
993 2386 1076 2431 pr.
1113 2375 1258 2419 stare.
1297 2396 1365 2405 —
1414 2366 1851 2435 centuriarumque)
1896 2368 1979 2417 Ita
2010 2369 2245 2431 proxime
2276 2368 2412 2417 Pau.

337 2451 418 2499 est
449 2449 587 2499 enim
627 2450 685 2499 in
728 2450 794 2501 iis
830 2456 1249 2516 centuriarumque
1262 2490 1276 2518 ‚
1332 2468 1462 2517 quae
1508 2453 1683 2503 forsan
1715 2453 1859 2503 illius
1892 2452 2013 2501 aevi
2046 2466 2160 2501 vox.
2198 2450 2413 2503 GRUT.

339 2531 488 2595 Quae
520 2536 733 2599 recepta
767 2540 844 2585 est
876 2550 910 2583 a
946 2534 1166 2587 Grutero
1200 2537 1373 2600 lectio,
1410 2536 1644 2587 firmatur
1676 2536 1781 2600 Mg.
1806 2536 1923 2585 Par.
1948 2535 2121 2599 Vulgo
2148 2539 2423 2584 centurias-

335 2632 424 2678 que
455 2618 661 2681 legitur.
723 2617 878 2680 Quod
913 2634 1070 2683 quum
1101 2635 1208 2670 non
1241 2625 1585 2684 concoqueret
1619 2618 1918 2684 Salmasius,
1956 2617 2180 2669 coniecit
2215 2618 2283 2669 ad
2318 2618 2423 2669 Ca·

336 2698 432 2763 pit.
468 2697 732 2747 Maximin.
774 2713 817 2748 c.
854 2701 902 2749 4.
939 2705 1238 2749 centuriatim
1273 2714 1481 2765 quoque,
1530 2700 1709 2750 addita
1752 2701 1851 2750 hac
1884 2702 2250 2751 annotatione:
2304 2716 2421 2763 „or-

339 2780 490 2831 dines
526 2780 714 2829 ducere
749 2787 802 2831 et
825 2782 1181 2833 centurionem
1214 2798 1327 2833 esse
1352 2789 1599 2848 tanquam
1622 2784 1827 2835 diversa
1859 2784 1946 2835 hic
1968 2789 2233 2848 ponuntur
2265 2798 2299 2834 a
2323 2784 2425 2834 Ca-

336 2862 558 2928 pitolino
596 2866 648 2911 et
670 2861 979 2927 Symmacho
1013 2870 1170 2928 atque
1204 2865 1279 2915 ita
1305 2867 1528 2931 quidem,
1565 2872 1622 2916 ut
1656 2868 1821 2917 maior
1843 2866 2079 2917 videatur
2102 2867 2425 2917 centurionis

346 2944 574 3008 dignitas
617 2959 772 3007 quam
826 2946 938 2997 eius
984 2948 1074 3011 qui
1108 2948 1312 2999 ordines
1346 2949 1604 3001 duceret-‘⁶
1674 2949 1733 3001 Si
1767 2952 1852 3001 cui
1884 2952 2039 3001 lectio
2070 2954 2282 3014 recepta
2315 2965 2426 2999 non

345 3026 650 3091 satisfiaciat,
685 3028 848 3092 possit
883 3035 1270 3097 centuriatimque
1304 3034 1493 3101 legere,
1528 3034 1621 3085 sed
1652 3034 1877 3085 secundo
1908 3034 2189 3099 singularis
2222 3034 2429 3083 numeri

349 3125 474 3161 casu
487 3147 502 3174 ‚
553 3110 641 3173 qui
679 3125 709 3161 e
742 3126 870 3161 voce
901 3116 1081 3175 yradus
1113 3116 1361 3179 pendeat:
1408 3133 1516 3168 non
1562 3120 1801 3169 omnibus
1844 3120 1987 3169 enim
2030 3117 2423 3167 centurionibus

355 3194 538 3245 eadem
573 3193 822 3258 dignitas3
859 3212 910 3245 v.
945 3198 1093 3261 Lips.
1127 3199 1196 3249 ad
1228 3200 1397 3249 Tacit.
1433 3200 1566 3250 Ann.
1603 3200 1648 3264 I,
1684 3201 1767 3253 44.
1805 3228 1874 3238 —
1906 3204 2423 3263 quod—quaesitum.

350 3278 434 3327 Aa
466 3277 847 3339 Helioqabalum
884 3280 1078 3344 dehine)
1125 3281 1214 3332 Sic
1246 3284 1305 3331 in
1337 3283 1471 3334 Pall.
1507 3284 1753 3347 scriptum
1788 3291 1840 3334 et
1874 3283 2203 3335 distinetumz
2254 3298 2429 3346 neque

347 3360 499 3423 peius
523 3360 697 3412 Ambr-
737 3363 864 3422 quod
893 3370 1170 3426 perpetrato
1198 3367 1424 3426 facinore
1451 3367 1622 3430 fuerat
1654 3371 1963 3430 acquisitum.
2011 3368 2091 3416 Ad
2114 3369 2224 3416 Hel.
2248 3367 2297 3415 d.
2324 3371 2427 3415 cet.

349 3440 656 3492 Lectionem
699 3459 792 3506 per
818 3452 1084 3508 patratum
1111 3448 1312 3509 facinus
1344 3449 1570 3513 praefert
1617 3451 1697 3500 ed.
1737 3466 1939 3515 quoque
1971 3450 2089 3500 Par.
2126 3464 2429 3515 quanquam

345 3538 386 3573 n
419 3525 637 3589 reliquis
676 3528 1008 3579 consentiens
1053 3546 1169 3579 cum
1203 3531 1345 3607 vulg.
1404 3546 1538 3597 quae
1586 3539 1638 3584 et
1670 3534 1871 3585 mendis
1907 3534 2177 3599 laborans,
2229 3539 2282 3582 et
2328 3533 2435 3583 dis-

345 3605 615 3672 tinctione,
649 3608 728 3674 ita
758 3610 919 3663 habet
951 3614 1078 3675 quod
1105 3620 1449 3677 perpetratum
1478 3616 1679 3679 facinus
1716 3624 1825 3667 erat
1858 3621 2132 3681 quaesitum
2160 3616 2223 3667 ab
2256 3618 2433 3666 Helio·
