2567 4084
1199 167 1276 232 13

191 349 440 436 imperii
473 350 794 435 cupidine,
819 355 930 415 aut
959 347 1416 437 amplificandi,
1448 367 1609 435 quac
1636 350 1988 437 possident,
2012 352 2267 439 saepius

188 453 442 534 gerunt,
501 467 632 513 non
684 452 931 514 tantum
987 449 1275 535 equitatu
1329 448 1436 513 vel
1492 447 1711 534 pedite
1728 499 1745 532 ‚
1804 468 2030 516 verum
2074 451 2267 516 etiam

189 548 360 633 bigis
417 546 838 634 curribusque
896 545 1179 633 falcatis,
1247 567 1410 634 quos
1470 567 1643 614 more
1698 548 1949 634 vulgari
2006 549 2265 616 essedas

189 652 443 714 vocant.
509 648 689 712 Haec
729 665 938 732 pauca
981 646 1064 713 de
1091 647 1463 712 Britanniae
1504 645 1753 713 insulae
1789 647 1991 713 forma
2024 646 2265 714 dixisse

191 745 484 810 sufficiat.

351 875 477 942 ΠΙ.
561 877 670 944 Ad
725 877 1053 944 Scandzae
1115 878 1364 946 insulae
1432 878 1620 944 situm
1639 926 1656 961 ,
1716 898 1907 965 quam
1968 878 2261 964 superius

186 969 580 1064 reliquimus,
610 977 962 1044 redeamus.
1033 977 1136 1042 De
1163 977 1287 1042 hac
1317 976 1481 1043 enim
1517 977 1583 1040 in
1610 975 1889 1043 secundo
1918 979 2017 1043 sui
2049 975 2262 1064 operis

184 1077 349 1142 libro
401 1077 708 1143 Claudius
739 1075 1167 1160 Ptolemaeus,
1214 1077 1390 1141 orbis
1432 1081 1638 1142 terrae
1684 1076 2034 1160 descriptor
2078 1096 2261 1160 egre-

184 1177 360 1262 giuS‚
407 1175 728 1260 meminit,
775 1176 1023 1243 dicens:
1070 1181 1166 1243 est
1209 1175 1276 1240 in
1320 1175 1561 1242 Oceani
1606 1180 1820 1240 arctoo
1866 1175 2003 1240 salo
2045 1177 2255 1262 posita

185 1276 396 1342 insula
457 1294 721 1362 magna,
779 1266 1044 1342 'nomine
1103 1273 1430 1356 Scandza,
1486 1275 1551 1339 in
1608 1273 1869 1344 modum
1915 1273 2053 1340 folii
2096 1276 2257 1361 citri,

186 1375 496 1442 alteribus
552 1373 820 1462 pandiS,
885 1381 1034 1461 post
1090 1375 1356 1458 longum
1416 1375 1675 1441 ductum
1727 1373 2113 1440 concludens
2169 1395 2257 1440 se.

183 1475 284 1540 De
323 1495 454 1562 qua
487 1479 550 1540 et
573 1473 968 1560 Pomponius
988 1473 1158 1539 Mela
1186 1475 1252 1539 in
1282 1475 1473 1538 maris
1506 1475 1649 1540 sinu
1681 1472 1944 1540 Codano
1976 1473 2255 1560 positam

185 1575 397 1656 refert,
442 1575 622 1640 cuius
663 1573 838 1658 ripas
886 1572 1093 1639 influit
1132 1573 1448 1640 Oceanus.
1520 1573 1697 1639 Haec
1740 1593 1779 1638 a
1806 1571 2012 1639 fronte
2041 1575 2255 1660 posita

185 1679 280 1740 est
321 1673 620 1739 Vistulae
662 1671 864 1754 fluvii,
911 1672 1020 1760 qui
1043 1672 1411 1739 Sarmaticis
1444 1672 1769 1737 montibus
1808 1678 1982 1738 ortus
2011 1673 2078 1737 in
2101 1692 2257 1738 con-

186 1778 410 1856 spectu
451 1770 778 1836 Scandzae
821 1771 1301 1859 septentrionali
1327 1771 1585 1838 Oceano
1622 1770 1921 1837 trisulcus
1951 1771 2255 1856 illabitur,

187 1870 593 1936 Germaniam
637 1869 1094 1958 Scythiamque
1141 1871 1605 1936 disterminans,
1662 1870 1841 1934 Haec
1868 1888 2019 1956 ergo
2060 1871 2259 1936 habet

185 1970 268 2036 ab
325 1971 572 2035 oriente
630 1971 1061 2037 vastissimum
1113 1970 1327 2036 lacum
1382 1970 1451 2034 in
1504 1968 1679 2034 orbis
1733 1973 1939 2034 terrae
1979 1971 2249 2054 gremiO,

1195 2142 2250 2150 -——————-————-————————

182 2223 498 2284 Membraque
519 2227 604 2285 qui
618 2225 752 2284 ferro
775 2223 956 2284 yaudet
973 2225 1190 2284 piru-isse
1215 2225 1443 2272 Gelonus.
1478 2220 1609 2270 Haec
1630 2221 1855 2285 fuerunt,
1880 2222 2069 2286 quibus
2088 2227 2263 2274 motus

185 2319 356 2368 neque
389 2309 576 2354 vitrum
609 2319 704 2368 pro
731 2307 878 2368 ferro,
914 2319 1084 2369 neque
1109 2309 1342 2368 pumunt
1372 2319 1467 2368 pro
1496 2308 1713 2368 pinquat
1742 2309 1919 2356 nostro
1952 2304 2177 2355 obtrudi.

315 2420 446 2483 Cap.
481 2419 582 2472 ΠΙ.
649 2421 730 2468 Ad
763 2422 998 2470 Scandzoe
1027 2448 1095 2458 —-
1121 2419 1297 2484 situm)
1339 2419 1446 2484 Mg.
1482 2418 1600 2472 Par.
1645 2423 1698 2469 et
1740 2420 1828 2469 hic
1865 2425 1917 2469 et
1948 2421 2107 2484 paulo
2142 2423 2261 2484 post

179 2501 446 2553 Seandaeia.
497 2529 564 2538 —
607 2503 940 2568 Ptolemaeus)
975 2503 1076 2555 Ed.
1109 2518 1186 2567 pr.
1224 2501 1569 2562 Ptolomaew3
1606 2504 1827 2552 correxit
1858 2499 2155 2552 Rhenanus.
2190 2529 2258 2539 ——

176 2589 232 2634 in
257 2586 446 2635 Oceani
480 2591 646 2634 arctoo
685 2588 818 2650 salo)
853 2587 1028 2638 Ambr.
1067 2591 1118 2634 et
1139 2585 1267 2637 Exc.
1290 2589 1345 2634 in
1372 2585 1557 2632 Oceani
1586 2587 1745 2632 arctoi
1766 2588 1891 2646 salo,
1934 2585 2026 2633 ille
2065 2590 2257 2646 tamen,

176 2672 235 2716 ut
265 2667 404 2718 Rod.
441 2681 664 2732 quoque,
698 2672 798 2718 solo
832 2685 926 2734 pro
961 2673 1070 2718 salo
1106 2667 1332 2719 exhibet.
1384 2693 1452 2704 —
1503 2670 1559 2715 in
1598 2667 1801 2715 modum
1836 2668 1953 2730 folii
1994 2665 2126 2732 citri)
2176 2665 2261 2717 Ita

179 2750 375 2813 optime
421 2749 529 2814 Mg.
565 2751 681 2800 Par.
728 2767 899 2816 neque
933 2753 1086 2802 aliter
1115 2749 1249 2800 Pan.
1307 2753 1358 2800 et
1390 2747 1519 2798 Exc.
1555 2750 1782 2800 voluisse
1814 2749 2057 2800 videntur
2091 2751 2259 2814 expri-

175 2845 314 2881 mere
328 2868 342 2895 ‚
382 2845 502 2881 cum
535 2838 656 2882 cetri
687 2837 996 2898 praeferant.
1057 2835 1125 2886 V.
1163 2834 1318 2883 cedri:
1355 2831 1593 2896 pessime.
1668 2835 1819 2883 Uitr-ei
1854 2835 1991 2884 enim
2021 2835 2140 2896 solii
2174 2833 2260 2883 de-

181 2913 400 2965 lineatio
435 2920 516 2965 est
549 2930 628 2980 ea,
666 2933 818 2980 quam
841 2917 1080 2968 Iordanis
1111 2917 1369 2982 proponit,
1405 2920 1592 2967 cedrini
1614 2933 1719 2968 non
1740 2919 1879 2968 item.
1913 2945 1982 2956 —-
2009 2923 2128 2980 post
2152 2920 2261 2966 lon-

175 3013 298 3058 9um
326 3025 386 3034 —-
415 3001 704 3048 concludens
724 2997 796 3065 se)
830 2999 1004 3049 Ambr.
1040 3001 1146 3066 Mg.
1171 3000 1293 3050 Par.
1322 2999 1598 3064 Freculph.
1624 2998 1756 3053 Rod.
1793 3000 1919 3049 Exc.
1949 3015 2039 3062 per
2058 3001 2260 3061 lonyum

177 3083 324 3132 ducta
352 3081 500 3146 Epit.
519 3097 615 3145 per·
634 3086 833 3145 lonqum
856 3084 1076 3134 ductum.
1110 3109 1178 3118 —
1213 3085 1273 3132 de
1294 3084 1649 3148 qua—resen)
1673 3081 1823 3132 Haec
1844 3083 2019 3146 verba,
2044 3087 2261 3147 excepta

181 3163 329 3216 Grnt.
357 3166 426 3215 ab
467 3165 706 3216 omnibus
729 3167 919 3216 absunt
958 3165 1075 3219 edd.
1115 3167 1417 3230 praeferunt
1448 3171 1623 3216 autem
1662 3180 1725 3215 ea
1759 3165 1893 3217 Pan.
1926 3165 2099 3216 Ambr.
2136 3166 2260 3215 Fre-

176 3247 353 3313 culph.
380 3245 517 3301 Rod.
541 3247 669 3298 Exc.
693 3250 797 3300 nisi
821 3249 958 3314 quod
981 3250 1323 3311 exscriptores
1355 3249 1519 3298 nostri
1541 3248 1731 3298 rationi
1754 3249 2118 3314 grammaticae
2142 3264 2261 3298 con-

173 3331 474 3382 venientius
496 3345 646 3394 quam
667 3347 762 3397 pro
785 3333 844 3382 de
865 3331 1322 3394 qua;Ambr.ve1-o
1344 3347 1568 3396 aequam,
1588 3333 1701 3383 sine
1724 3332 1882 3383 dubio
1904 3345 1998 3396 pro
2022 3324 2070 3380 e't
2092 3345 2257 3394 qnam.

174 3443 234 3452 --
257 3417 400 3463 euim
415 3415 556 3476 ripas
572 3415 740 3478 influit
753 3415 999 3478 Oceanus)
1019 3413 1106 3464 Sic
1123 3430 1214 3479 pro
1233 3418 1337 3464 eius
1354 3419 1491 3478 ripas
1510 3415 1639 3466 Pall.
1651 3415 1826 3467 Ambr.
1842 3413 2117 3478 Freculph.
2131 3413 2261 3467 Exo-

174 3521 240 3532 --
279 3512 314 3546 a
335 3498 506 3560 fronte
527 3524 595 3536 —
625 3495 860 3564 Vistulae)
884 3495 1162 3561 Freculph.
1187 3499 1423 3550 Imtulae.
1461 3527 1529 3536 -
1570 3499 1941 3562 disterminans)
1979 3497 2134 3547 Hanc
2156 3497 2261 3550 lec·

171 3582 369 3631 tionem
402 3582 603 3645 recepit
636 3581 833 3644 primus
855 3580 1139 3631 Vulcanius
1163 3595 1194 3630 e
1215 3580 1322 3644 Mg.
1344 3581 1631 3633 Leunolav.
1657 3581 1887 3634 firmatur
1918 3597 1951 3630 a
1978 3581 2255 3646 Freculph.

174 3660 292 3716 cdd.
314 3679 392 3727 pr.
421 3665 752 3712 determinans
771 3664 972 3714 sistunt.
1021 3691 1086 3702 --
1133 3662 1317 3730 lacum)
1340 3664 1481 3730 Epit.
1506 3669 1690 3720 lucum.
