<?xml version="1.0" encoding="UTF-8"?>
<!DOCTYPE html PUBLIC "-//W3C//DTD XHTML 1.0 Transitional//EN"
    "http://www.w3.org/TR/xhtml1/DTD/xhtml1-transitional.dtd">
<html xmlns="http://www.w3.org/1999/xhtml" xml:lang="en" lang="en">
 <head>
  <title>
</title>
<meta http-equiv="Content-Type" content="text/html;charset=utf-8" />
  <meta name='ocr-system' content='tesseract 3.04.00' />
  <meta name='ocr-capabilities' content='ocr_page ocr_carea ocr_par ocr_line ocrx_word'/>
</head>
<body>
  <div class='ocr_page' id='page_1' title='image "./jordanisdegetar00closgoog_0084.png"; bbox 0 0 2567 4084; ppageno 0'>
   <div class='ocr_carea' id='block_1_1' title="bbox 1352 152 1437 218">
    <p class='ocr_par' dir='ltr' id='par_1_1' title="bbox 1352 152 1437 218">
     <span class='ocr_line' id='line_1_1' title="bbox 1352 152 1437 218; baseline 0.012 -1"><span class='ocrx_word' id='word_1_1' title='bbox 1352 152 1437 218; x_wconf 75' lang='lat'><strong>62</strong></span> 
     </span>
    </p>
   </div>
   <div class='ocr_carea' id='block_1_2' title="bbox 349 331 2433 1214">
    <p class='ocr_par' dir='ltr' id='par_1_2' title="bbox 349 331 2433 1214">
     <span class='ocr_line' id='line_1_2' title="bbox 349 331 2421 419; baseline -0.001 -20"><span class='ocrx_word' id='word_1_2' title='bbox 349 332 553 399; x_wconf 81' lang='lat' dir='ltr'><strong>filium</strong></span> <span class='ocrx_word' id='word_1_3' title='bbox 594 333 816 419; x_wconf 81' lang='lat' dir='ltr'><strong>genuit</strong></span> <span class='ocrx_word' id='word_1_4' title='bbox 831 381 849 418; x_wconf 84' lang='lat'>,</span> <span class='ocrx_word' id='word_1_5' title='bbox 907 333 1062 399; x_wconf 89' lang='lat' dir='ltr'><strong>item</strong></span> <span class='ocrx_word' id='word_1_6' title='bbox 1105 334 1495 399; x_wconf 81' lang='lat' dir='ltr'><strong>Germanum</strong></span> <span class='ocrx_word' id='word_1_7' title='bbox 1534 332 1810 399; x_wconf 87' lang='lat' dir='ltr'><strong>nomine.</strong></span> <span class='ocrx_word' id='word_1_8' title='bbox 1894 331 2214 397; x_wconf 81' lang='lat' dir='ltr'><strong>Germano</strong></span> <span class='ocrx_word' id='word_1_9' title='bbox 2252 346 2421 396; x_wconf 84' lang='lat' dir='ltr'><strong>vero</strong></span> 
     </span>
     <span class='ocr_line' id='line_1_3' title="bbox 352 430 2423 521; baseline -0.002 -22"><span class='ocrx_word' id='word_1_10' title='bbox 352 432 652 499; x_wconf 80' lang='lat' dir='ltr'><strong>defuncto</strong></span> <span class='ocrx_word' id='word_1_11' title='bbox 685 434 828 520; x_wconf 85' lang='lat' dir='ltr'><strong>ipsa</strong></span> <span class='ocrx_word' id='word_1_12' title='bbox 855 432 1056 498; x_wconf 83' lang='lat' dir='ltr'><strong>vidua</strong></span> <span class='ocrx_word' id='word_1_13' title='bbox 1085 450 1497 518; x_wconf 84' lang='lat' dir='ltr'><strong>perseverare</strong></span> <span class='ocrx_word' id='word_1_14' title='bbox 1526 434 1826 521; x_wconf 76' lang='lat' dir='ltr'><strong>disponit.</strong></span> <span class='ocrx_word' id='word_1_15' title='bbox 1876 430 2173 518; x_wconf 80' lang='lat' dir='ltr'><strong>Qualiter</strong></span> <span class='ocrx_word' id='word_1_16' title='bbox 2194 434 2423 495; x_wconf 79' lang='lat' dir='ltr'><strong>autem</strong></span> 
     </span>
     <span class='ocr_line' id='line_1_4' title="bbox 351 528 2427 618; baseline -0.001 -22"><span class='ocrx_word' id='word_1_17' title='bbox 351 535 463 597; x_wconf 88' lang='lat' dir='ltr'><strong>aut</strong></span> <span class='ocrx_word' id='word_1_18' title='bbox 506 530 830 618; x_wconf 89' lang='lat' dir='ltr'><strong>quomodo</strong></span> <span class='ocrx_word' id='word_1_19' title='bbox 872 531 1247 597; x_wconf 86' lang='lat' dir='ltr'><strong>Amalorum</strong></span> <span class='ocrx_word' id='word_1_20' title='bbox 1305 551 1573 617; x_wconf 81' lang='lat' dir='ltr'><strong>regnum</strong></span> <span class='ocrx_word' id='word_1_21' title='bbox 1630 533 2019 599; x_wconf 83' lang='lat' dir='ltr'><strong>destructum</strong></span> <span class='ocrx_word' id='word_1_22' title='bbox 2078 534 2210 613; x_wconf 84' lang='lat' dir='ltr'><strong>est,</strong></span> <span class='ocrx_word' id='word_1_23' title='bbox 2269 528 2427 594; x_wconf 81' lang='lat' dir='ltr'><strong>loco</strong></span> 
     </span>
     <span class='ocr_line' id='line_1_5' title="bbox 349 625 2429 716; baseline -0.003 -19"><span class='ocrx_word' id='word_1_24' title='bbox 349 650 489 716; x_wconf 85' lang='lat' dir='ltr'><strong>suo,</strong></span> <span class='ocrx_word' id='word_1_25' title='bbox 537 632 589 697; x_wconf 88' lang='lat' dir='ltr'><strong>si</strong></span> <span class='ocrx_word' id='word_1_26' title='bbox 635 630 931 696; x_wconf 84' lang='lat' dir='ltr'><strong>dominus</strong></span> <span class='ocrx_word' id='word_1_27' title='bbox 965 631 1316 714; x_wconf 85' lang='lat' dir='ltr'><strong>juvaverit,</strong></span> <span class='ocrx_word' id='word_1_28' title='bbox 1364 631 1791 699; x_wconf 78' lang='lat' dir='ltr'><strong>edocebimus,</strong></span> <span class='ocrx_word' id='word_1_29' title='bbox 1851 630 2039 696; x_wconf 89' lang='lat' dir='ltr'><strong>Nunc</strong></span> <span class='ocrx_word' id='word_1_30' title='bbox 2078 633 2293 695; x_wconf 87' lang='lat' dir='ltr'><strong>autem</strong></span> <span class='ocrx_word' id='word_1_31' title='bbox 2338 625 2429 691; x_wconf 86' lang='lat' dir='ltr'><strong>ad</strong></span> 
     </span>
     <span class='ocr_line' id='line_1_6' title="bbox 349 727 2431 814; baseline -0.001 -21"><span class='ocrx_word' id='word_1_32' title='bbox 349 728 418 795; x_wconf 89' lang='lat' dir='ltr'><strong>id</strong></span> <span class='ocrx_word' id='word_1_33' title='bbox 437 779 456 814; x_wconf 86' lang='lat'>,</span> <span class='ocrx_word' id='word_1_34' title='bbox 514 727 686 795; x_wconf 86' lang='lat' dir='ltr'><strong>unde</strong></span> <span class='ocrx_word' id='word_1_35' title='bbox 744 730 1100 812; x_wconf 79' lang='lat' dir='ltr'><strong>digressum</strong></span> <span class='ocrx_word' id='word_1_36' title='bbox 1163 728 1462 814; x_wconf 80' lang='lat' dir='ltr'><strong>fecimus,</strong></span> <span class='ocrx_word' id='word_1_37' title='bbox 1527 728 1884 814; x_wconf 63' lang='lat' dir='ltr'><strong>redeamus»,</strong></span> <span class='ocrx_word' id='word_1_38' title='bbox 1952 728 2431 813; x_wconf 79' lang='lat' dir='ltr'><strong>doceamusque</strong></span> 
     </span>
     <span class='ocr_line' id='line_1_7' title="bbox 351 826 2430 914; baseline -0 -22"><span class='ocrx_word' id='word_1_39' title='bbox 351 826 673 914; x_wconf 89' lang='lat' dir='ltr'><strong>quomodo</strong></span> <span class='ocrx_word' id='word_1_40' title='bbox 716 829 875 895; x_wconf 88' lang='lat' dir='ltr'><strong>ordo</strong></span> <span class='ocrx_word' id='word_1_41' title='bbox 918 831 1158 914; x_wconf 86' lang='lat' dir='ltr'><strong>gentis,</strong></span> <span class='ocrx_word' id='word_1_42' title='bbox 1203 829 1377 895; x_wconf 88' lang='lat' dir='ltr'><strong>unde</strong></span> <span class='ocrx_word' id='word_1_43' title='bbox 1420 829 1705 914; x_wconf 82' lang='lat' dir='ltr'><strong>agimus,</strong></span> <span class='ocrx_word' id='word_1_44' title='bbox 1765 849 1989 895; x_wconf 84' lang='lat' dir='ltr'><strong>cursus</strong></span> <span class='ocrx_word' id='word_1_45' title='bbox 2044 830 2140 897; x_wconf 87' lang='lat' dir='ltr'><strong>sui</strong></span> <span class='ocrx_word' id='word_1_46' title='bbox 2184 832 2430 893; x_wconf 83' lang='lat' dir='ltr'><strong>metam</strong></span> 
     </span>
     <span class='ocr_line' id='line_1_8' title="bbox 355 924 2433 1013; baseline -0.001 -22"><span class='ocrx_word' id='word_1_47' title='bbox 355 925 732 1012; x_wconf 85' lang='lat' dir='ltr'><strong>expleverit.</strong></span> <span class='ocrx_word' id='word_1_48' title='bbox 832 928 1152 995; x_wconf 86' lang='lat' dir='ltr'><strong>Ablavius</strong></span> <span class='ocrx_word' id='word_1_49' title='bbox 1211 929 1381 995; x_wconf 91' lang='lat' dir='ltr'><strong>enim</strong></span> <span class='ocrx_word' id='word_1_50' title='bbox 1434 928 1779 995; x_wconf 83' lang='lat' dir='ltr'><strong>historicus</strong></span> <span class='ocrx_word' id='word_1_51' title='bbox 1835 928 2026 995; x_wconf 82' lang='lat' dir='ltr'><strong>refert</strong></span> <span class='ocrx_word' id='word_1_52' title='bbox 2044 977 2061 1012; x_wconf 89' lang='lat'>‚</span> <span class='ocrx_word' id='word_1_53' title='bbox 2120 927 2265 1013; x_wconf 84' lang='lat' dir='ltr'><strong>quia</strong></span> <span class='ocrx_word' id='word_1_54' title='bbox 2328 924 2433 989; x_wconf 88' lang='lat' dir='ltr'><strong>ibi</strong></span> 
     </span>
     <span class='ocr_line' id='line_1_9' title="bbox 351 1024 2430 1113; baseline -0.001 -23"><span class='ocrx_word' id='word_1_55' title='bbox 351 1044 544 1110; x_wconf 87' lang='lat' dir='ltr'><strong>super</strong></span> <span class='ocrx_word' id='word_1_56' title='bbox 584 1024 854 1092; x_wconf 89' lang='lat' dir='ltr'><strong>limbum</strong></span> <span class='ocrx_word' id='word_1_57' title='bbox 895 1026 1126 1110; x_wconf 84' lang='lat' dir='ltr'><strong>Ponti,</strong></span> <span class='ocrx_word' id='word_1_58' title='bbox 1182 1028 1300 1093; x_wconf 88' lang='lat' dir='ltr'><strong>ubi</strong></span> <span class='ocrx_word' id='word_1_59' title='bbox 1344 1048 1456 1093; x_wconf 84' lang='lat' dir='ltr'><strong>eos</strong></span> <span class='ocrx_word' id='word_1_60' title='bbox 1500 1028 1777 1094; x_wconf 85' lang='lat' dir='ltr'><strong>diximus</strong></span> <span class='ocrx_word' id='word_1_61' title='bbox 1818 1028 1889 1092; x_wconf 89' lang='lat' dir='ltr'><strong>in</strong></span> <span class='ocrx_word' id='word_1_62' title='bbox 1932 1027 2197 1113; x_wconf 82' lang='lat' dir='ltr'><strong>Scythia</strong></span> <span class='ocrx_word' id='word_1_63' title='bbox 2236 1043 2430 1089; x_wconf 88' lang='lat' dir='ltr'><strong>com-</strong></span> 
     </span>
     <span class='ocr_line' id='line_1_10' title="bbox 351 1122 2431 1214; baseline -0.001 -26"><span class='ocrx_word' id='word_1_64' title='bbox 351 1143 646 1208; x_wconf 79' lang='lat' dir='ltr'><strong>manere,</strong></span> <span class='ocrx_word' id='word_1_65' title='bbox 705 1146 854 1211; x_wconf 89' lang='lat' dir='ltr'><strong>pars</strong></span> <span class='ocrx_word' id='word_1_66' title='bbox 899 1145 1117 1192; x_wconf 88' lang='lat' dir='ltr'><strong>eorum</strong></span> <span class='ocrx_word' id='word_1_67' title='bbox 1134 1176 1151 1210; x_wconf 88' lang='lat'>,</span> <span class='ocrx_word' id='word_1_68' title='bbox 1214 1128 1325 1214; x_wconf 88' lang='lat' dir='ltr'><strong>qui</strong></span> <span class='ocrx_word' id='word_1_69' title='bbox 1370 1127 1741 1193; x_wconf 75' lang='lat' dir='ltr'><strong>orientalem</strong></span> <span class='ocrx_word' id='word_1_70' title='bbox 1792 1127 2052 1213; x_wconf 85' lang='lat' dir='ltr'><strong>plagam</strong></span> <span class='ocrx_word' id='word_1_71' title='bbox 2093 1122 2431 1206; x_wconf 79' lang='lat' dir='ltr'><strong>tenebant,</strong></span> 
     </span>
    </p>
   </div>
   <div class='ocr_carea' id='block_1_3' title="bbox 329 1391 2430 3708">
    <p class='ocr_par' dir='ltr' id='par_1_3' title="bbox 329 1391 2430 3708">
     <span class='ocr_line' id='line_1_11' title="bbox 349 1391 2429 1476; baseline -0.001 -25"><span class='ocrx_word' id='word_1_72' title='bbox 349 1391 696 1467; x_wconf 72' lang='grc' dir='ltr'><strong><em>Ἀτταλιανῆς</em></strong></span> <span class='ocrx_word' id='word_1_73' title='bbox 727 1402 826 1465; x_wconf 78' lang='grc' dir='ltr'><strong>τῆς·</strong></span> <span class='ocrx_word' id='word_1_74' title='bbox 845 1394 1156 1465; x_wconf 70' lang='grc' dir='ltr'><strong><em>ὕπατίσσης</em></strong></span> <span class='ocrx_word' id='word_1_75' title='bbox 1186 1396 1405 1463; x_wconf 89' lang='lat' dir='ltr'><strong>mentio)</strong></span> <span class='ocrx_word' id='word_1_76' title='bbox 1438 1398 1720 1476; x_wconf 67' lang='lat' dir='ltr'><strong>patricium</strong></span> <span class='ocrx_word' id='word_1_77' title='bbox 1752 1404 1926 1449; x_wconf 87' lang='lat' dir='ltr'><strong>autem</strong></span> <span class='ocrx_word' id='word_1_78' title='bbox 1961 1399 2269 1451; x_wconf 85' lang='lat' dir='ltr'><strong>ordinarium</strong></span> <span class='ocrx_word' id='word_1_79' title='bbox 2306 1416 2429 1453; x_wconf 78' lang='lat' dir='ltr'><strong>esse</strong></span> 
     </span>
     <span class='ocr_line' id='line_1_12' title="bbox 349 1482 2427 1549; baseline 0 -14"><span class='ocrx_word' id='word_1_80' title='bbox 349 1498 487 1549; x_wconf 85' lang='lat' dir='ltr'><strong>eum,</strong></span> <span class='ocrx_word' id='word_1_81' title='bbox 523 1483 609 1535; x_wconf 85' lang='lat' dir='ltr'><strong>cui</strong></span> <span class='ocrx_word' id='word_1_82' title='bbox 640 1484 945 1548; x_wconf 74' lang='lat' dir='ltr'><strong>patriciatus</strong></span> <span class='ocrx_word' id='word_1_83' title='bbox 977 1483 1188 1533; x_wconf 87' lang='lat' dir='ltr'><strong>honoris</strong></span> <span class='ocrx_word' id='word_1_84' title='bbox 1223 1496 1407 1544; x_wconf 84' lang='lat' dir='ltr'><strong>causa,</strong></span> <span class='ocrx_word' id='word_1_85' title='bbox 1442 1496 1549 1531; x_wconf 90' lang='lat' dir='ltr'><strong>non</strong></span> <span class='ocrx_word' id='word_1_86' title='bbox 1582 1485 1833 1546; x_wconf 83' lang='lat' dir='ltr'><strong>tanquam</strong></span> <span class='ocrx_word' id='word_1_87' title='bbox 1863 1496 2052 1533; x_wconf 88' lang='lat' dir='ltr'><strong>munus</strong></span> <span class='ocrx_word' id='word_1_88' title='bbox 2086 1484 2162 1541; x_wconf 77' lang='lat' dir='ltr'><strong>(v,</strong></span> <span class='ocrx_word' id='word_1_89' title='bbox 2189 1482 2427 1537; x_wconf 77' lang='lat' dir='ltr'><strong>Guther.</strong></span> 
     </span>
     <span class='ocr_line' id='line_1_13' title="bbox 349 1562 2430 1631; baseline 0 -14"><span class='ocrx_word' id='word_1_90' title='bbox 349 1565 418 1617; x_wconf 87' lang='lat' dir='ltr'><strong>de</strong></span> <span class='ocrx_word' id='word_1_91' title='bbox 449 1565 582 1617; x_wconf 80' lang='lat' dir='ltr'><strong>offic.</strong></span> <span class='ocrx_word' id='word_1_92' title='bbox 617 1566 751 1616; x_wconf 81' lang='lat' dir='ltr'><strong>dom.</strong></span> <span class='ocrx_word' id='word_1_93' title='bbox 787 1566 1005 1631; x_wconf 78' lang='lat' dir='ltr'><strong>August.</strong></span> <span class='ocrx_word' id='word_1_94' title='bbox 1041 1565 1105 1615; x_wconf 81' lang='lat' dir='ltr'><strong>L.</strong></span> <span class='ocrx_word' id='word_1_95' title='bbox 1141 1564 1213 1614; x_wconf 93' lang='lat'><strong>11.</strong></span> <span class='ocrx_word' id='word_1_96' title='bbox 1250 1580 1294 1614; x_wconf 91' lang='lat' dir='ltr'><strong>c.</strong></span> <span class='ocrx_word' id='word_1_97' title='bbox 1328 1562 1431 1630; x_wconf 81' lang='lat'><strong>19.)</strong></span> <span class='ocrx_word' id='word_1_98' title='bbox 1466 1565 1537 1614; x_wconf 90' lang='lat' dir='ltr'><strong>sit</strong></span> <span class='ocrx_word' id='word_1_99' title='bbox 1569 1563 1792 1625; x_wconf 84' lang='lat' dir='ltr'><strong>delatus,</strong></span> <span class='ocrx_word' id='word_1_100' title='bbox 1824 1565 2005 1631; x_wconf 86' lang='lat' dir='ltr'><strong>itaque</strong></span> <span class='ocrx_word' id='word_1_101' title='bbox 2038 1566 2309 1630; x_wconf 77' lang='lat' dir='ltr'><strong>patriciam</strong></span> <span class='ocrx_word' id='word_1_102' title='bbox 2346 1582 2430 1618; x_wconf 92' lang='lat' dir='ltr'><strong>or-</strong></span> 
     </span>
     <span class='ocr_line' id='line_1_14' title="bbox 347 1645 2424 1713; baseline 0.001 -14"><span class='ocrx_word' id='word_1_103' title='bbox 347 1646 603 1699; x_wconf 85' lang='lat' dir='ltr'><strong>dinariam</strong></span> <span class='ocrx_word' id='word_1_104' title='bbox 635 1649 1054 1699; x_wconf 85' lang='lat' dir='ltr'><strong>Mathasuentam</strong></span> <span class='ocrx_word' id='word_1_105' title='bbox 1087 1662 1199 1699; x_wconf 86' lang='lat' dir='ltr'><strong>esse</strong></span> <span class='ocrx_word' id='word_1_106' title='bbox 1231 1648 1441 1698; x_wconf 66' lang='lat' dir='ltr'><strong>factam.</strong></span> <span class='ocrx_word' id='word_1_107' title='bbox 1509 1645 1669 1697; x_wconf 82' lang='lat' dir='ltr'><strong>Posse</strong></span> <span class='ocrx_word' id='word_1_108' title='bbox 1706 1648 1785 1697; x_wconf 88' lang='lat' dir='ltr'><strong>ita</strong></span> <span class='ocrx_word' id='word_1_109' title='bbox 1818 1648 2068 1713; x_wconf 81' lang='lat' dir='ltr'><strong>explicari</strong></span> <span class='ocrx_word' id='word_1_110' title='bbox 2110 1650 2282 1699; x_wconf 85' lang='lat' dir='ltr'><strong>locum</strong></span> <span class='ocrx_word' id='word_1_111' title='bbox 2318 1651 2424 1701; x_wconf 82' lang='lat' dir='ltr'><strong>etsi</strong></span> 
     </span>
     <span class='ocr_line' id='line_1_15' title="bbox 347 1730 2429 1797; baseline 0 -15"><span class='ocrx_word' id='word_1_112' title='bbox 347 1732 575 1783; x_wconf 85' lang='lat' dir='ltr'><strong>concedo</strong></span> <span class='ocrx_word' id='word_1_113' title='bbox 590 1768 604 1797; x_wconf 91' lang='lat'><strong>,</strong></span> <span class='ocrx_word' id='word_1_114' title='bbox 652 1731 782 1781; x_wconf 86' lang='lat' dir='ltr'><strong>mihi</strong></span> <span class='ocrx_word' id='word_1_115' title='bbox 813 1736 988 1781; x_wconf 84' lang='lat' dir='ltr'><strong>tamen</strong></span> <span class='ocrx_word' id='word_1_116' title='bbox 1019 1731 1231 1781; x_wconf 88' lang='lat' dir='ltr'><strong>minime</strong></span> <span class='ocrx_word' id='word_1_117' title='bbox 1263 1730 1517 1781; x_wconf 75' lang='lat' dir='ltr'><strong>satisfacit</strong></span> <span class='ocrx_word' id='word_1_118' title='bbox 1546 1730 1679 1781; x_wconf 85' lang='lat' dir='ltr'><strong>haec</strong></span> <span class='ocrx_word' id='word_1_119' title='bbox 1710 1732 2013 1796; x_wconf 74' lang='lat' dir='ltr'><strong>explicatio,</strong></span> <span class='ocrx_word' id='word_1_120' title='bbox 2054 1733 2326 1797; x_wconf 75' lang='lat' dir='ltr'><strong>magisque</strong></span> <span class='ocrx_word' id='word_1_121' title='bbox 2362 1748 2429 1783; x_wconf 88' lang='lat' dir='ltr'><strong>eo</strong></span> 
     </span>
     <span class='ocr_line' id='line_1_16' title="bbox 347 1813 2423 1880; baseline 0.001 -15"><span class='ocrx_word' id='word_1_122' title='bbox 347 1814 569 1865; x_wconf 78' lang='lat' dir='ltr'><strong>inclinat</strong></span> <span class='ocrx_word' id='word_1_123' title='bbox 601 1815 883 1878; x_wconf 83' lang='lat' dir='ltr'><strong>sententia,</strong></span> <span class='ocrx_word' id='word_1_124' title='bbox 932 1818 993 1864; x_wconf 88' lang='lat' dir='ltr'><strong>nt</strong></span> <span class='ocrx_word' id='word_1_125' title='bbox 1023 1826 1289 1876; x_wconf 86' lang='lat' dir='ltr'><strong>censeam,</strong></span> <span class='ocrx_word' id='word_1_126' title='bbox 1336 1817 1634 1877; x_wconf 83' lang='lat' dir='ltr'><strong>corruptum</strong></span> <span class='ocrx_word' id='word_1_127' title='bbox 1677 1828 1791 1863; x_wconf 86' lang='lat' dir='ltr'><strong>esse</strong></span> <span class='ocrx_word' id='word_1_128' title='bbox 1832 1814 2005 1865; x_wconf 87' lang='lat' dir='ltr'><strong>locum</strong></span> <span class='ocrx_word' id='word_1_129' title='bbox 2034 1813 2423 1880; x_wconf 83' lang='lat' dir='ltr'><strong>legendumque</strong></span> 
     </span>
     <span class='ocr_line' id='line_1_17' title="bbox 340 1896 2425 1964; baseline 0 -16"><span class='ocrx_word' id='word_1_130' title='bbox 340 1902 614 1964; x_wconf 70' lang='lat' dir='ltr'><strong>patric-&#39;am</strong></span> <span class='ocrx_word' id='word_1_131' title='bbox 647 1900 870 1948; x_wconf 65' lang='lat' dir='ltr'><strong>ordinare·</strong></span> <span class='ocrx_word' id='word_1_132' title='bbox 901 1912 1014 1948; x_wconf 84' lang='lat' dir='ltr'><strong>eam</strong></span> <span class='ocrx_word' id='word_1_133' title='bbox 1041 1899 1185 1960; x_wconf 69' lang='lat' dir='ltr'><strong>fecit,</strong></span> <span class='ocrx_word' id='word_1_134' title='bbox 1236 1901 1297 1947; x_wconf 91' lang='lat' dir='ltr'><strong>ut</strong></span> <span class='ocrx_word' id='word_1_135' title='bbox 1337 1897 1384 1947; x_wconf 87' lang='lat' dir='ltr'><strong>is</strong></span> <span class='ocrx_word' id='word_1_136' title='bbox 1426 1896 1553 1946; x_wconf 88' lang='lat' dir='ltr'><strong>insit</strong></span> <span class='ocrx_word' id='word_1_137' title='bbox 1584 1897 1701 1946; x_wconf 89' lang='lat' dir='ltr'><strong>loco</strong></span> <span class='ocrx_word' id='word_1_138' title='bbox 1734 1910 1915 1947; x_wconf 83' lang='lat' dir='ltr'><strong>sensus</strong></span> <span class='ocrx_word' id='word_1_139' title='bbox 1928 1932 1943 1960; x_wconf 89' lang='lat'>,</span> <span class='ocrx_word' id='word_1_140' title='bbox 1988 1897 2254 1947; x_wconf 74' lang='lat' dir='ltr'><strong>annitente</strong></span> <span class='ocrx_word' id='word_1_141' title='bbox 2292 1896 2425 1949; x_wconf 82' lang='lat' dir='ltr'><strong>Ger-</strong></span> 
     </span>
     <span class='ocr_line' id='line_1_18' title="bbox 343 1978 2424 2047; baseline -0 -14"><span class='ocrx_word' id='word_1_142' title='bbox 343 1996 500 2035; x_wconf 88' lang='lat' dir='ltr'><strong>mano</strong></span> <span class='ocrx_word' id='word_1_143' title='bbox 533 1982 807 2047; x_wconf 79' lang='lat' dir='ltr'><strong>patriciam</strong></span> <span class='ocrx_word' id='word_1_144' title='bbox 851 1982 918 2032; x_wconf 95' lang='lat' dir='ltr'><strong>ab</strong></span> <span class='ocrx_word' id='word_1_145' title='bbox 953 1981 1262 2046; x_wconf 79' lang='lat' dir='ltr'><strong>imperatore</strong></span> <span class='ocrx_word' id='word_1_146' title='bbox 1308 1980 1500 2029; x_wconf 80' lang='lat' dir='ltr'><strong>factam</strong></span> <span class='ocrx_word' id='word_1_147' title='bbox 1540 1992 1653 2030; x_wconf 83' lang='lat' dir='ltr'><strong>esse</strong></span> <span class='ocrx_word' id='word_1_148' title='bbox 1686 1978 2103 2029; x_wconf 83' lang='lat' dir='ltr'><strong>Mathasuentam</strong></span> <span class='ocrx_word' id='word_1_149' title='bbox 2116 2015 2131 2042; x_wconf 88' lang='lat'><strong>,</strong></span> <span class='ocrx_word' id='word_1_150' title='bbox 2175 1981 2424 2044; x_wconf 85' lang='lat' dir='ltr'><strong>precibus</strong></span> 
     </span>
     <span class='ocr_line' id='line_1_19' title="bbox 341 2060 2421 2128; baseline -0.001 -13"><span class='ocrx_word' id='word_1_151' title='bbox 341 2065 488 2117; x_wconf 81' lang='lat' dir='ltr'><strong>illius</strong></span> <span class='ocrx_word' id='word_1_152' title='bbox 523 2066 778 2127; x_wconf 82' lang='lat' dir='ltr'><strong>effectum,</strong></span> <span class='ocrx_word' id='word_1_153' title='bbox 821 2068 882 2114; x_wconf 88' lang='lat' dir='ltr'><strong>ut</strong></span> <span class='ocrx_word' id='word_1_154' title='bbox 913 2064 1180 2115; x_wconf 79' lang='lat' dir='ltr'><strong>codicillos</strong></span> <span class='ocrx_word' id='word_1_155' title='bbox 1212 2062 1469 2128; x_wconf 81' lang='lat' dir='ltr'><strong>patriciae</strong></span> <span class='ocrx_word' id='word_1_156' title='bbox 1502 2060 1774 2127; x_wconf 79' lang='lat' dir='ltr'><strong>dignitatis</strong></span> <span class='ocrx_word' id='word_1_157' title='bbox 1803 2061 2050 2111; x_wconf 84' lang='lat' dir='ltr'><strong>scriberet</strong></span> <span class='ocrx_word' id='word_1_158' title='bbox 2078 2061 2421 2113; x_wconf 76' lang='lat' dir='ltr'><strong>Iustinianus.</strong></span> 
     </span>
     <span class='ocr_line' id='line_1_20' title="bbox 343 2144 2425 2210; baseline -0.001 -11"><span class='ocrx_word' id='word_1_159' title='bbox 343 2147 479 2199; x_wconf 74' lang='lat' dir='ltr'><strong>Nam</strong></span> <span class='ocrx_word' id='word_1_160' title='bbox 511 2148 776 2198; x_wconf 80' lang='lat' dir='ltr'><strong>sciendum</strong></span> <span class='ocrx_word' id='word_1_161' title='bbox 790 2182 803 2209; x_wconf 93' lang='lat'><strong>,</strong></span> <span class='ocrx_word' id='word_1_162' title='bbox 854 2146 1012 2197; x_wconf 84' lang='lat' dir='ltr'><strong>etiam</strong></span> <span class='ocrx_word' id='word_1_163' title='bbox 1053 2146 1112 2195; x_wconf 91' lang='lat' dir='ltr'><strong>in</strong></span> <span class='ocrx_word' id='word_1_164' title='bbox 1155 2146 1375 2196; x_wconf 79' lang='lat' dir='ltr'><strong>feminas</strong></span> <span class='ocrx_word' id='word_1_165' title='bbox 1423 2144 1687 2195; x_wconf 86' lang='lat' dir='ltr'><strong>interdum</strong></span> <span class='ocrx_word' id='word_1_166' title='bbox 1726 2144 1942 2194; x_wconf 85' lang='lat' dir='ltr'><strong>collatas</strong></span> <span class='ocrx_word' id='word_1_167' title='bbox 1981 2159 2094 2196; x_wconf 87' lang='lat' dir='ltr'><strong>esse</strong></span> <span class='ocrx_word' id='word_1_168' title='bbox 2138 2144 2425 2210; x_wconf 80' lang='lat' dir='ltr'><strong>dignitates</strong></span> 
     </span>
     <span class='ocr_line' id='line_1_21' title="bbox 345 2227 2423 2293; baseline -0 -12"><span class='ocrx_word' id='word_1_169' title='bbox 345 2244 462 2281; x_wconf 86' lang='lat' dir='ltr'><strong>cum</strong></span> <span class='ocrx_word' id='word_1_170' title='bbox 496 2230 629 2281; x_wconf 81' lang='lat' dir='ltr'><strong>alias</strong></span> <span class='ocrx_word' id='word_1_171' title='bbox 661 2229 981 2293; x_wconf 83' lang='lat' dir='ltr'><strong>temporibus</strong></span> <span class='ocrx_word' id='word_1_172' title='bbox 1021 2227 1278 2292; x_wconf 84' lang='lat' dir='ltr'><strong>antiquis,</strong></span> <span class='ocrx_word' id='word_1_173' title='bbox 1322 2232 1435 2277; x_wconf 88' lang='lat' dir='ltr'><strong>tum</strong></span> <span class='ocrx_word' id='word_1_174' title='bbox 1478 2228 1689 2277; x_wconf 85' lang='lat' dir='ltr'><strong>labente</strong></span> <span class='ocrx_word' id='word_1_175' title='bbox 1726 2227 1983 2291; x_wconf 87' lang='lat' dir='ltr'><strong>lapsoque</strong></span> <span class='ocrx_word' id='word_1_176' title='bbox 2024 2227 2259 2291; x_wconf 85' lang='lat' dir='ltr'><strong>imperio.</strong></span> <span class='ocrx_word' id='word_1_177' title='bbox 2332 2228 2423 2280; x_wconf 86' lang='lat' dir='ltr'><strong>Sic</strong></span> 
     </span>
     <span class='ocr_line' id='line_1_22' title="bbox 347 2308 2423 2379; baseline -0 -16"><span class='ocrx_word' id='word_1_178' title='bbox 347 2308 430 2379; x_wconf 87' lang='lat' dir='ltr'><strong>(ut</strong></span> <span class='ocrx_word' id='word_1_179' title='bbox 461 2311 712 2374; x_wconf 70' lang='lat' dir='ltr'><strong>Auqmtae</strong></span> <span class='ocrx_word' id='word_1_180' title='bbox 749 2324 940 2362; x_wconf 89' lang='lat' dir='ltr'><strong>nomen</strong></span> <span class='ocrx_word' id='word_1_181' title='bbox 982 2311 1174 2361; x_wconf 86' lang='lat' dir='ltr'><strong>millies</strong></span> <span class='ocrx_word' id='word_1_182' title='bbox 1212 2310 1501 2361; x_wconf 84' lang='lat' dir='ltr'><strong>lectitatum</strong></span> <span class='ocrx_word' id='word_1_183' title='bbox 1549 2312 1807 2375; x_wconf 77' lang='lat' dir='ltr'><strong>omittam)</strong></span> <span class='ocrx_word' id='word_1_184' title='bbox 1842 2309 2107 2361; x_wconf 83' lang='lat' dir='ltr'><strong>Placidiae</strong></span> <span class='ocrx_word' id='word_1_185' title='bbox 2144 2313 2423 2362; x_wconf 70' lang='lat' dir='ltr'><strong>caesareae</strong></span> 
     </span>
     <span class='ocr_line' id='line_1_23' title="bbox 340 2391 2419 2461; baseline 0.001 -15"><span class='ocrx_word' id='word_1_186' title='bbox 340 2408 630 2461; x_wconf 76' lang='lat' dir='ltr'><strong>cognomen</strong></span> <span class='ocrx_word' id='word_1_187' title='bbox 662 2393 815 2445; x_wconf 87' lang='lat' dir='ltr'><strong>datur</strong></span> <span class='ocrx_word' id='word_1_188' title='bbox 845 2396 903 2445; x_wconf 89' lang='lat' dir='ltr'><strong>in</strong></span> <span class='ocrx_word' id='word_1_189' title='bbox 935 2399 1038 2445; x_wconf 81' lang='lat' dir='ltr'><strong>vet.</strong></span> <span class='ocrx_word' id='word_1_190' title='bbox 1073 2391 1234 2445; x_wconf 86' lang='lat' dir='ltr'><strong>Inscr.</strong></span> <span class='ocrx_word' id='word_1_191' title='bbox 1269 2408 1358 2458; x_wconf 83' lang='lat' dir='ltr'><strong>ap.</strong></span> <span class='ocrx_word' id='word_1_192' title='bbox 1382 2392 1543 2458; x_wconf 86' lang='lat' dir='ltr'><strong>Spon.</strong></span> <span class='ocrx_word' id='word_1_193' title='bbox 1567 2394 1621 2443; x_wconf 88' lang='lat' dir='ltr'><strong>in</strong></span> <span class='ocrx_word' id='word_1_194' title='bbox 1646 2394 1866 2447; x_wconf 80' lang='lat' dir='ltr'><strong>Miscell.</strong></span> <span class='ocrx_word' id='word_1_195' title='bbox 1889 2393 2076 2446; x_wconf 82' lang='lat' dir='ltr'><strong>crudit.</strong></span> <span class='ocrx_word' id='word_1_196' title='bbox 2098 2394 2419 2458; x_wconf 78' lang='lat' dir='ltr'><strong>Antiquitat.</strong></span> 
     </span>
     <span class='ocr_line' id='line_1_24' title="bbox 344 2469 2423 2549; baseline -0.001 -18"><span class='ocrx_word' id='word_1_197' title='bbox 344 2492 387 2533; x_wconf 79' lang='lat' dir='ltr'><strong>s.</strong></span> <span class='ocrx_word' id='word_1_198' title='bbox 423 2478 489 2528; x_wconf 88' lang='lat' dir='ltr'><strong>V.</strong></span> <span class='ocrx_word' id='word_1_199' title='bbox 535 2494 586 2543; x_wconf 86' lang='lat' dir='ltr'><strong>p.</strong></span> <span class='ocrx_word' id='word_1_200' title='bbox 626 2478 738 2529; x_wconf 78' lang='lat'><strong>159.</strong></span> <span class='ocrx_word' id='word_1_201' title='bbox 796 2478 900 2529; x_wconf 85' lang='lat' dir='ltr'><strong>nisi</strong></span> <span class='ocrx_word' id='word_1_202' title='bbox 943 2477 1066 2528; x_wconf 78' lang='lat' dir='ltr'><strong>ficta</strong></span> <span class='ocrx_word' id='word_1_203' title='bbox 1109 2481 1190 2528; x_wconf 82' lang='lat' dir='ltr'><strong>est</strong></span> <span class='ocrx_word' id='word_1_204' title='bbox 1221 2492 1303 2541; x_wconf 83' lang='lat' dir='ltr'><strong>ea,</strong></span> <span class='ocrx_word' id='word_1_205' title='bbox 1348 2477 1423 2528; x_wconf 86' lang='lat' dir='ltr'><strong>sic</strong></span> <span class='ocrx_word' id='word_1_206' title='bbox 1468 2473 1550 2534; x_wconf 69' lang='grc' dir='ltr'><strong>ἐις</strong></span> <span class='ocrx_word' id='word_1_207' title='bbox 1594 2472 1660 2529; x_wconf 74' lang='grc' dir='ltr'><strong>τό</strong></span> <span class='ocrx_word' id='word_1_208' title='bbox 1702 2480 1812 2529; x_wconf 64' lang='grc' dir='ltr'><strong>τῶν</strong></span> <span class='ocrx_word' id='word_1_209' title='bbox 1854 2478 2153 2549; x_wconf 78' lang='grc' dir='ltr'><strong><em>πατρικίων</em></strong></span> <span class='ocrx_word' id='word_1_210' title='bbox 2200 2469 2423 2545; x_wconf 72' lang='grc' dir='ltr'><strong><em>ἀξίωμα</em></strong></span> 
     </span>
     <span class='ocr_line' id='line_1_25' title="bbox 343 2560 2419 2625; baseline -0.001 -12"><span class='ocrx_word' id='word_1_211' title='bbox 343 2566 578 2613; x_wconf 75' lang='lat' dir='ltr'><strong>evectam</strong></span> <span class='ocrx_word' id='word_1_212' title='bbox 621 2575 736 2612; x_wconf 87' lang='lat' dir='ltr'><strong>esse</strong></span> <span class='ocrx_word' id='word_1_213' title='bbox 769 2560 1095 2612; x_wconf 84' lang='lat' dir='ltr'><strong>Theodoram</strong></span> <span class='ocrx_word' id='word_1_214' title='bbox 1137 2576 1172 2611; x_wconf 93' lang='lat' dir='ltr'><strong>a</strong></span> <span class='ocrx_word' id='word_1_215' title='bbox 1202 2560 1492 2611; x_wconf 75' lang='lat' dir='ltr'><strong>Iustiniana</strong></span> <span class='ocrx_word' id='word_1_216' title='bbox 1532 2566 1713 2611; x_wconf 89' lang='lat' dir='ltr'><strong>narrat</strong></span> <span class='ocrx_word' id='word_1_217' title='bbox 1742 2561 2025 2625; x_wconf 87' lang='lat' dir='ltr'><strong>Procopius</strong></span> <span class='ocrx_word' id='word_1_218' title='bbox 2068 2561 2140 2611; x_wconf 89' lang='lat' dir='ltr'><strong>H.</strong></span> <span class='ocrx_word' id='word_1_219' title='bbox 2176 2561 2238 2614; x_wconf 81' lang='lat' dir='ltr'><strong>A.</strong></span> <span class='ocrx_word' id='word_1_220' title='bbox 2278 2578 2329 2611; x_wconf 85' lang='lat' dir='ltr'><strong>e.</strong></span> <span class='ocrx_word' id='word_1_221' title='bbox 2367 2564 2419 2612; x_wconf 81' lang='lat'><strong>9.</strong></span> 
     </span>
     <span class='ocr_line' id='line_1_26' title="bbox 344 2632 2423 2711; baseline 0 -16"><span class='ocrx_word' id='word_1_222' title='bbox 344 2644 788 2708; x_wconf 82' lang='lat' dir='ltr'><strong>dubitandumqne</strong></span> <span class='ocrx_word' id='word_1_223' title='bbox 809 2644 900 2692; x_wconf 76' lang='lat' dir='ltr'><strong>vix</strong></span> <span class='ocrx_word' id='word_1_224' title='bbox 921 2643 1036 2706; x_wconf 86' lang='lat' dir='ltr'><strong>erit,</strong></span> <span class='ocrx_word' id='word_1_225' title='bbox 1072 2643 1198 2706; x_wconf 89' lang='lat' dir='ltr'><strong>quin</strong></span> <span class='ocrx_word' id='word_1_226' title='bbox 1221 2644 1354 2693; x_wconf 89' lang='lat' dir='ltr'><strong>haec</strong></span> <span class='ocrx_word' id='word_1_227' title='bbox 1386 2643 1503 2707; x_wconf 87' lang='lat' dir='ltr'><strong>ipsa</strong></span> <span class='ocrx_word' id='word_1_228' title='bbox 1524 2643 1816 2709; x_wconf 79' lang='lat' dir='ltr'><strong>Theodora,</strong></span> <span class='ocrx_word' id='word_1_229' title='bbox 1852 2643 1977 2693; x_wconf 87' lang='lat' dir='ltr'><strong>dum</strong></span> <span class='ocrx_word' id='word_1_230' title='bbox 2009 2644 2181 2695; x_wconf 79' lang='lat' dir='ltr'><strong>verbis</strong></span> <span class='ocrx_word' id='word_1_231' title='bbox 2216 2632 2261 2693; x_wconf 69' lang='grc' dir='ltr'><strong>ω’</strong></span> <span class='ocrx_word' id='word_1_232' title='bbox 2296 2643 2423 2711; x_wconf 80' lang='grc' dir='ltr'><strong><em>φιλ-</em></strong></span> 
     </span>
     <span class='ocr_line' id='line_1_27' title="bbox 343 2722 2416 2797; baseline 0.001 -19"><span class='ocrx_word' id='word_1_233' title='bbox 343 2722 479 2793; x_wconf 77' lang='grc' dir='ltr'><strong><em>τάτη</em></strong></span> <span class='ocrx_word' id='word_1_234' title='bbox 511 2728 772 2797; x_wconf 77' lang='grc' dir='ltr'><strong><em>πατρικία</em></strong></span> <span class='ocrx_word' id='word_1_235' title='bbox 811 2727 1094 2791; x_wconf 80' lang='lat' dir='ltr'><strong>alloquitur</strong></span> <span class='ocrx_word' id='word_1_236' title='bbox 1135 2727 1411 2791; x_wconf 78' lang='lat' dir='ltr'><strong>coniugem</strong></span> <span class='ocrx_word' id='word_1_237' title='bbox 1443 2726 1685 2778; x_wconf 79' lang='lat' dir='ltr'><strong>Belisarii</strong></span> <span class='ocrx_word' id='word_1_238' title='bbox 1716 2728 2033 2779; x_wconf 78' lang='lat' dir='ltr'><strong>Antoninam</strong></span> <span class='ocrx_word' id='word_1_239' title='bbox 2066 2727 2291 2793; x_wconf 83' lang='lat' dir='ltr'><strong>(Procop</strong></span> <span class='ocrx_word' id='word_1_240' title='bbox 2315 2730 2355 2783; x_wconf 86' lang='grc' dir='ltr'><strong>Ι.</strong></span> <span class='ocrx_word' id='word_1_241' title='bbox 2374 2730 2416 2781; x_wconf 88' lang='grc'><strong>1.</strong></span> 
     </span>
     <span class='ocr_line' id='line_1_28' title="bbox 343 2808 2423 2876; baseline 0.001 -16"><span class='ocrx_word' id='word_1_242' title='bbox 343 2824 388 2860; x_wconf 85' lang='lat' dir='ltr'><strong>c.</strong></span> <span class='ocrx_word' id='word_1_243' title='bbox 408 2809 485 2876; x_wconf 80' lang='grc'><strong>8.)</strong></span> <span class='ocrx_word' id='word_1_244' title='bbox 521 2809 590 2860; x_wconf 89' lang='lat' dir='ltr'><strong>ad</strong></span> <span class='ocrx_word' id='word_1_245' title='bbox 622 2809 759 2859; x_wconf 79' lang='lat' dir='ltr'><strong>hanc</strong></span> <span class='ocrx_word' id='word_1_246' title='bbox 793 2808 1030 2870; x_wconf 82' lang='lat' dir='ltr'><strong>eandem,</strong></span> <span class='ocrx_word' id='word_1_247' title='bbox 1065 2822 1168 2871; x_wconf 87' lang='lat' dir='ltr'><strong>qua</strong></span> <span class='ocrx_word' id='word_1_248' title='bbox 1199 2809 1317 2871; x_wconf 88' lang='lat' dir='ltr'><strong>ipsa</strong></span> <span class='ocrx_word' id='word_1_249' title='bbox 1347 2808 1627 2873; x_wconf 77' lang='lat' dir='ltr'><strong>gaudebat,</strong></span> <span class='ocrx_word' id='word_1_250' title='bbox 1660 2810 1909 2875; x_wconf 87' lang='lat' dir='ltr'><strong>spectarit</strong></span> <span class='ocrx_word' id='word_1_251' title='bbox 1930 2810 2257 2876; x_wconf 80' lang='lat' dir='ltr'><strong>dignitatem.</strong></span> <span class='ocrx_word' id='word_1_252' title='bbox 2310 2812 2423 2875; x_wconf 80' lang='lat' dir='ltr'><strong>Qui</strong></span> 
     </span>
     <span class='ocr_line' id='line_1_29' title="bbox 343 2889 2423 2959; baseline 0.001 -17"><span class='ocrx_word' id='word_1_253' title='bbox 343 2906 470 2958; x_wconf 87' lang='lat' dir='ltr'><strong>mos,</strong></span> <span class='ocrx_word' id='word_1_254' title='bbox 507 2895 568 2943; x_wconf 88' lang='lat' dir='ltr'><strong>ut</strong></span> <span class='ocrx_word' id='word_1_255' title='bbox 600 2890 770 2942; x_wconf 83' lang='lat' dir='ltr'><strong>obiter</strong></span> <span class='ocrx_word' id='word_1_256' title='bbox 797 2890 854 2941; x_wconf 88' lang='lat' dir='ltr'><strong>id</strong></span> <span class='ocrx_word' id='word_1_257' title='bbox 889 2889 1074 2953; x_wconf 87' lang='lat' dir='ltr'><strong>dicam,</strong></span> <span class='ocrx_word' id='word_1_258' title='bbox 1109 2894 1344 2941; x_wconf 88' lang='lat' dir='ltr'><strong>retentus</strong></span> <span class='ocrx_word' id='word_1_259' title='bbox 1378 2893 1535 2943; x_wconf 88' lang='lat' dir='ltr'><strong>etiam</strong></span> <span class='ocrx_word' id='word_1_260' title='bbox 1567 2898 1649 2944; x_wconf 84' lang='lat' dir='ltr'><strong>est</strong></span> <span class='ocrx_word' id='word_1_261' title='bbox 1678 2893 2073 2957; x_wconf 81' lang='lat' dir='ltr'><strong>insequentibus</strong></span> <span class='ocrx_word' id='word_1_262' title='bbox 2093 2895 2423 2959; x_wconf 85' lang='lat' dir='ltr'><strong>temporibus</strong></span> 
     </span>
     <span class='ocr_line' id='line_1_30' title="bbox 341 2968 2419 3045; baseline -0.001 -17"><span class='ocrx_word' id='word_1_263' title='bbox 341 2975 401 3028; x_wconf 84' lang='lat' dir='ltr'><strong>in</strong></span> <span class='ocrx_word' id='word_1_264' title='bbox 433 2976 558 3027; x_wconf 75' lang='lat' dir='ltr'><strong>aula</strong></span> <span class='ocrx_word' id='word_1_265' title='bbox 587 2974 905 3041; x_wconf 73' lang='lat' dir='ltr'><strong>Byzantina:</strong></span> <span class='ocrx_word' id='word_1_266' title='bbox 949 2972 1026 3025; x_wconf 86' lang='lat' dir='ltr'><strong>sic</strong></span> <span class='ocrx_word' id='word_1_267' title='bbox 1056 2968 1417 3045; x_wconf 77' lang='grc' dir='ltr'><strong><em>Καισάρισσα</em></strong></span> <span class='ocrx_word' id='word_1_268' title='bbox 1459 2976 1649 3042; x_wconf 79' lang='lat' dir='ltr'><strong>legitur</strong></span> <span class='ocrx_word' id='word_1_269' title='bbox 1682 2976 1825 3041; x_wconf 85' lang='lat' dir='ltr'><strong>apud</strong></span> <span class='ocrx_word' id='word_1_270' title='bbox 1854 2977 2023 3028; x_wconf 88' lang='lat' dir='ltr'><strong>Nicet.</strong></span> <span class='ocrx_word' id='word_1_271' title='bbox 2052 2977 2218 3028; x_wconf 79' lang='lat' dir='ltr'><strong>chon.</strong></span> <span class='ocrx_word' id='word_1_272' title='bbox 2240 2977 2419 3027; x_wconf 62' lang='lat' dir='ltr'><strong>Praei.</strong></span> 
     </span>
     <span class='ocr_line' id='line_1_31' title="bbox 341 3050 2417 3129; baseline 0 -19"><span class='ocrx_word' id='word_1_273' title='bbox 341 3072 397 3125; x_wconf 89' lang='lat' dir='ltr'><strong>p.</strong></span> <span class='ocrx_word' id='word_1_274' title='bbox 434 3060 481 3110; x_wconf 88' lang='lat'><strong>8.</strong></span> <span class='ocrx_word' id='word_1_275' title='bbox 520 3058 600 3112; x_wconf 87' lang='lat' dir='ltr'><strong>ed.</strong></span> <span class='ocrx_word' id='word_1_276' title='bbox 637 3059 804 3111; x_wconf 86' lang='lat' dir='ltr'><strong>Bonn.</strong></span> <span class='ocrx_word' id='word_1_277' title='bbox 841 3063 896 3110; x_wconf 86' lang='lat' dir='ltr'><strong>et</strong></span> <span class='ocrx_word' id='word_1_278' title='bbox 927 3050 1518 3129; x_wconf 75' lang='grc' dir='ltr'><strong><em>Σεβαστοκρατόρισσα</em></strong></span> <span class='ocrx_word' id='word_1_279' title='bbox 1562 3060 1620 3109; x_wconf 92' lang='lat' dir='ltr'><strong>in</strong></span> <span class='ocrx_word' id='word_1_280' title='bbox 1652 3058 1959 3125; x_wconf 74' lang='lat' dir='ltr'><strong>Matr-angae</strong></span> <span class='ocrx_word' id='word_1_281' title='bbox 1991 3059 2190 3111; x_wconf 81' lang='lat' dir='ltr'><strong>Anecd.</strong></span> <span class='ocrx_word' id='word_1_282' title='bbox 2228 3059 2417 3111; x_wconf 69' lang='lat' dir='ltr'><strong>Graec.</strong></span> 
     </span>
     <span class='ocr_line' id='line_1_32' title="bbox 329 3141 2421 3208; baseline 0 -15"><span class='ocrx_word' id='word_1_283' title='bbox 329 3142 401 3193; x_wconf 72' lang='lat' dir='ltr'><strong>P.</strong></span> <span class='ocrx_word' id='word_1_284' title='bbox 437 3142 508 3193; x_wconf 91' lang='lat'><strong>11.</strong></span> <span class='ocrx_word' id='word_1_285' title='bbox 542 3157 596 3208; x_wconf 89' lang='lat' dir='ltr'><strong>p.</strong></span> <span class='ocrx_word' id='word_1_286' title='bbox 633 3144 749 3193; x_wconf 77' lang='lat'><strong>5⁷⁷.</strong></span> <span class='ocrx_word' id='word_1_287' title='bbox 784 3148 840 3194; x_wconf 89' lang='lat' dir='ltr'><strong>et</strong></span> <span class='ocrx_word' id='word_1_288' title='bbox 880 3141 1024 3208; x_wconf 89' lang='lat' dir='ltr'><strong>apud</strong></span> <span class='ocrx_word' id='word_1_289' title='bbox 1055 3141 1230 3193; x_wconf 77' lang='lat' dir='ltr'><strong>Tacta.</strong></span> <span class='ocrx_word' id='word_1_290' title='bbox 1275 3142 1429 3206; x_wconf 84' lang='lat' dir='ltr'><strong>epist.</strong></span> <span class='ocrx_word' id='word_1_291' title='bbox 1462 3143 1547 3192; x_wconf 75' lang='lat'><strong>5⁷.</strong></span> <span class='ocrx_word' id='word_1_292' title='bbox 1582 3168 1651 3181; x_wconf 89' lang='lat'>-</span> <span class='ocrx_word' id='word_1_293' title='bbox 1692 3157 2001 3206; x_wconf 63' lang='lat' dir='ltr'><strong>pasevoeare</strong></span> <span class='ocrx_word' id='word_1_294' title='bbox 2032 3144 2279 3208; x_wconf 65' lang='lat' dir='ltr'><strong>disponit)</strong></span> <span class='ocrx_word' id='word_1_295' title='bbox 2326 3142 2421 3193; x_wconf 81' lang='lat' dir='ltr'><strong>Sic</strong></span> 
     </span>
     <span class='ocr_line' id='line_1_33' title="bbox 343 3224 2421 3291; baseline -0.001 -13"><span class='ocrx_word' id='word_1_296' title='bbox 343 3240 521 3278; x_wconf 84' lang='lat' dir='ltr'><strong>omnes</strong></span> <span class='ocrx_word' id='word_1_297' title='bbox 552 3225 676 3276; x_wconf 77' lang='lat' dir='ltr'><strong>libri</strong></span> <span class='ocrx_word' id='word_1_298' title='bbox 706 3230 866 3291; x_wconf 84' lang='lat' dir='ltr'><strong>atque</strong></span> <span class='ocrx_word' id='word_1_299' title='bbox 899 3224 1015 3277; x_wconf 89' lang='lat' dir='ltr'><strong>edd.</strong></span> <span class='ocrx_word' id='word_1_300' title='bbox 1038 3230 1245 3290; x_wconf 87' lang='lat' dir='ltr'><strong>praeter</strong></span> <span class='ocrx_word' id='word_1_301' title='bbox 1267 3225 1444 3275; x_wconf 77' lang='lat' dir='ltr'><strong>Ambr-</strong></span> <span class='ocrx_word' id='word_1_302' title='bbox 1472 3224 1563 3288; x_wconf 89' lang='lat' dir='ltr'><strong>qui</strong></span> <span class='ocrx_word' id='word_1_303' title='bbox 1577 3229 1911 3289; x_wconf 72' lang='lat' dir='ltr'><strong>perseveravit</strong></span> <span class='ocrx_word' id='word_1_304' title='bbox 1942 3224 2173 3276; x_wconf 80' lang='lat' dir='ltr'><strong>exhibet.</strong></span> <span class='ocrx_word' id='word_1_305' title='bbox 2196 3254 2249 3263; x_wconf 92' lang='lat'>-</span> <span class='ocrx_word' id='word_1_306' title='bbox 2278 3228 2421 3287; x_wconf 79' lang='lat' dir='ltr'><strong>Qua—</strong></span> 
     </span>
     <span class='ocr_line' id='line_1_34' title="bbox 341 3306 2417 3374; baseline -0 -15"><span class='ocrx_word' id='word_1_307' title='bbox 341 3312 456 3359; x_wconf 63' lang='lat' dir='ltr'><strong>liter</strong></span> <span class='ocrx_word' id='word_1_308' title='bbox 487 3314 656 3359; x_wconf 71' lang='lat' dir='ltr'><strong>autem</strong></span> <span class='ocrx_word' id='word_1_309' title='bbox 695 3316 746 3360; x_wconf 76' lang='lat' dir='ltr'><strong>et</strong></span> <span class='ocrx_word' id='word_1_310' title='bbox 777 3306 1035 3374; x_wconf 75' lang='lat' dir='ltr'><strong>quomodo)</strong></span> <span class='ocrx_word' id='word_1_311' title='bbox 1069 3309 1246 3363; x_wconf 83' lang='lat' dir='ltr'><strong>Ambr.</strong></span> <span class='ocrx_word' id='word_1_312' title='bbox 1281 3311 1542 3371; x_wconf 61' lang='lat' dir='ltr'><strong>woman.</strong></span> <span class='ocrx_word' id='word_1_313' title='bbox 1579 3332 1635 3345; x_wconf 85' lang='lat'>-</span> <span class='ocrx_word' id='word_1_314' title='bbox 1686 3306 1949 3373; x_wconf 68' lang='grc' dir='ltr'><strong>ᾶαυαυσὲε)</strong></span> <span class='ocrx_word' id='word_1_315' title='bbox 1982 3306 2073 3359; x_wconf 87' lang='lat' dir='ltr'><strong>Sic</strong></span> <span class='ocrx_word' id='word_1_316' title='bbox 2104 3308 2257 3359; x_wconf 85' lang='lat' dir='ltr'><strong>ambo</strong></span> <span class='ocrx_word' id='word_1_317' title='bbox 2289 3322 2417 3359; x_wconf 84' lang='lat' dir='ltr'><strong>mss.</strong></span> 
     </span>
     <span class='ocr_line' id='line_1_35' title="bbox 343 3389 2419 3457; baseline 0 -17"><span class='ocrx_word' id='word_1_318' title='bbox 343 3389 484 3457; x_wconf 87' lang='lat' dir='ltr'><strong>quod</strong></span> <span class='ocrx_word' id='word_1_319' title='bbox 515 3390 675 3441; x_wconf 83' lang='lat' dir='ltr'><strong>semel</strong></span> <span class='ocrx_word' id='word_1_320' title='bbox 707 3390 953 3442; x_wconf 80' lang='lat' dir='ltr'><strong>exhibere</strong></span> <span class='ocrx_word' id='word_1_321' title='bbox 984 3392 1206 3457; x_wconf 85' lang='lat' dir='ltr'><strong>placuit,</strong></span> <span class='ocrx_word' id='word_1_322' title='bbox 1245 3393 1493 3456; x_wconf 87' lang='lat' dir='ltr'><strong>quoniam</strong></span> <span class='ocrx_word' id='word_1_323' title='bbox 1523 3390 1869 3456; x_wconf 77' lang='lat' dir='ltr'><strong>Pentingerus</strong></span> <span class='ocrx_word' id='word_1_324' title='bbox 1908 3389 1964 3440; x_wconf 87' lang='lat' dir='ltr'><strong>id</strong></span> <span class='ocrx_word' id='word_1_325' title='bbox 2006 3404 2213 3457; x_wconf 85' lang='lat' dir='ltr'><strong>semper</strong></span> <span class='ocrx_word' id='word_1_326' title='bbox 2254 3405 2419 3455; x_wconf 80' lang='lat' dir='ltr'><strong>supra.</strong></span> 
     </span>
     <span class='ocr_line' id='line_1_36' title="bbox 342 3472 2417 3540; baseline 0.001 -17"><span class='ocrx_word' id='word_1_327' title='bbox 342 3472 621 3524; x_wconf 79' lang='lat' dir='ltr'><strong>mutaverit</strong></span> <span class='ocrx_word' id='word_1_328' title='bbox 651 3472 709 3523; x_wconf 84' lang='lat' dir='ltr'><strong>in</strong></span> <span class='ocrx_word' id='word_1_329' title='bbox 739 3477 935 3536; x_wconf 63' lang='grc' dir='ltr'><strong>ἑυνα-ἑὲ,</strong></span> <span class='ocrx_word' id='word_1_330' title='bbox 971 3474 1056 3525; x_wconf 89' lang='lat' dir='ltr'><strong>hic</strong></span> <span class='ocrx_word' id='word_1_331' title='bbox 1088 3490 1212 3527; x_wconf 80' lang='lat' dir='ltr'><strong>vero</strong></span> <span class='ocrx_word' id='word_1_332' title='bbox 1237 3476 1571 3540; x_wconf 84' lang='lat' dir='ltr'><strong>supposuerit</strong></span> <span class='ocrx_word' id='word_1_333' title='bbox 1588 3479 1813 3528; x_wconf 69' lang='lat' dir='ltr'><strong>voluerit.</strong></span> <span class='ocrx_word' id='word_1_334' title='bbox 1848 3474 2051 3526; x_wconf 81' lang='lat' dir='ltr'><strong>GRUT.</strong></span> <span class='ocrx_word' id='word_1_335' title='bbox 2094 3476 2317 3525; x_wconf 60' lang='lat' dir='ltr'><strong>Volnera</strong></span> <span class='ocrx_word' id='word_1_336' title='bbox 2336 3488 2417 3526; x_wconf 88' lang='lat' dir='ltr'><strong>re-</strong></span> 
     </span>
     <span class='ocr_line' id='line_1_37' title="bbox 341 3554 2415 3622; baseline 0.001 -16"><span class='ocrx_word' id='word_1_337' title='bbox 341 3554 614 3607; x_wconf 77' lang='lat' dir='ltr'><strong>tinuerunt</strong></span> <span class='ocrx_word' id='word_1_338' title='bbox 647 3556 820 3621; x_wconf 68' lang='lat' dir='ltr'><strong>etiam,</strong></span> <span class='ocrx_word' id='word_1_339' title='bbox 857 3557 947 3622; x_wconf 84' lang='lat' dir='ltr'><strong>qui</strong></span> <span class='ocrx_word' id='word_1_340' title='bbox 977 3563 1096 3622; x_wconf 87' lang='lat' dir='ltr'><strong>post</strong></span> <span class='ocrx_word' id='word_1_341' title='bbox 1129 3558 1407 3610; x_wconf 82' lang='lat' dir='ltr'><strong>Gruterum</strong></span> <span class='ocrx_word' id='word_1_342' title='bbox 1438 3559 1715 3611; x_wconf 83' lang='lat' dir='ltr'><strong>Iordanem</strong></span> <span class='ocrx_word' id='word_1_343' title='bbox 1748 3558 2035 3609; x_wconf 78' lang='lat' dir='ltr'><strong>edidemnt.</strong></span> <span class='ocrx_word' id='word_1_344' title='bbox 2072 3584 2137 3597; x_wconf 81' lang='lat'><strong>-—</strong></span> <span class='ocrx_word' id='word_1_345' title='bbox 2191 3558 2415 3608; x_wconf 68' lang='lat' dir='ltr'><strong>edocebi-</strong></span> 
     </span>
     <span class='ocr_line' id='line_1_38' title="bbox 341 3636 2413 3708; baseline 0.003 -20"><span class='ocrx_word' id='word_1_346' title='bbox 341 3636 477 3703; x_wconf 70' lang='lat' dir='ltr'><strong>m)</strong></span> <span class='ocrx_word' id='word_1_347' title='bbox 509 3636 599 3690; x_wconf 83' lang='lat' dir='ltr'><strong>Sic</strong></span> <span class='ocrx_word' id='word_1_348' title='bbox 631 3637 775 3692; x_wconf 86' lang='lat' dir='ltr'><strong>dedit</strong></span> <span class='ocrx_word' id='word_1_349' title='bbox 805 3656 902 3708; x_wconf 86' lang='lat' dir='ltr'><strong>pro</strong></span> <span class='ocrx_word' id='word_1_350' title='bbox 931 3640 1157 3693; x_wconf 79' lang='lat' dir='ltr'><strong>lectione</strong></span> <span class='ocrx_word' id='word_1_351' title='bbox 1190 3641 1274 3696; x_wconf 84' lang='lat' dir='ltr'><strong>ed.</strong></span> <span class='ocrx_word' id='word_1_352' title='bbox 1306 3656 1389 3707; x_wconf 80' lang='lat' dir='ltr'><strong>pr.</strong></span> <span class='ocrx_word' id='word_1_353' title='bbox 1422 3642 1673 3694; x_wconf 58' lang='lat' dir='ltr'><strong>memus</strong></span> <span class='ocrx_word' id='word_1_354' title='bbox 1703 3642 2007 3695; x_wconf 65' lang='lat' dir='ltr'><strong>Bhenanus.</strong></span> <span class='ocrx_word' id='word_1_355' title='bbox 2042 3666 2107 3681; x_wconf 86' lang='lat'><strong>--</strong></span> <span class='ocrx_word' id='word_1_356' title='bbox 2139 3638 2413 3706; x_wconf 72' lang='lat' dir='ltr'><strong>quomodo)</strong></span> 
     </span>
    </p>
   </div>
  </div>
 </body>
</html>
