2567 4084
1140 144 1259 209 159

168 340 247 387 eo
290 322 1009 405 exegenmtultionem.
1098 324 1342 411 Captus
1393 345 1672 413 namque
1715 332 1780 393 et
1821 338 2090 393 suorum·
2124 346 2234 395 so-

164 420 319 485 latio
348 421 711 505 destitutuS,
756 424 965 509 capite
992 424 1312 510 plectitur,
1342 425 1662 513 sensitque
1690 426 1950 493 taudem
1977 426 2237 511 iratum,

166 520 279 605 qui
306 520 657 607 propitium
686 521 1014 589 dominum
1046 522 1404 589 crediderat
1434 526 1982 593 contemnendum.
2049 526 2232 594 Tunc

164 618 371 685 Suavi
409 622 672 687 rectoris
716 624 817 689 sui
856 623 1178 689 interitum
1222 627 1627 709 contuenteS,
1687 625 1968 691 locorum
2013 643 2230 693 sacer-

163 718 349 785 dotes
408 719 491 785 ad
536 717 1001 787 Theodericum
1059 723 1386 809 supplices
1431 724 1814 792 direxerunt.
1900 724 2080 810 Quos
2121 724 2232 791 ille

154 820 513 912 pontificali
554 823 907 888 reverentia
952 824 1327 909 suscipiens,
1374 844 1504 889 non
1547 824 1756 891 solum
1783 824 2230 910 impunitatem

160 920 524 987 Suavorum
564 920 849 1005 indulsit,
894 923 1006 987 sed
1053 928 1137 1004 et,
1180 930 1253 987 ut
1295 922 1422 987 sibi
1468 923 1548 987 de
1590 944 1706 989 suo
1731 943 1964 1007 genere
1990 924 2230 1009 princi-

156 1038 309 1106 pem
367 1021 857 1104 constituerent,
918 1022 1125 1087 flexus
1186 1024 1426 1109 pietate
1491 1026 1825 1091 concessit.
1911 1024 2102 1109 Quod
2128 1090 2142 1099 ,
2167 1030 2231 1091 et

154 1120 396 1186 factum
442 1127 556 1201 est,
602 1126 666 1185 et
692 1120 1203 1187 Rimismundum
1246 1121 1372 1185 sibi
1397 1121 1596 1187 Suavi
1638 1124 1928 1208 regulum
1969 1125 2229 1191 ordina-

154 1226 409 1285 ver-unt.
496 1220 617 1285 His
670 1220 945 1335 peractis
1002 1240 1290 1307 paceque
1333 1221 1576 1287 cunctis
1619 1222 1880 1289 munitis
1921 1224 2228 1289 tertiode-

155 1320 321 1385 cimo
367 1321 544 1403 regni
590 1322 686 1386 sui
728 1340 922 1386 anno
942 1320 1374 1385 Theodericus
1419 1320 1738 1387 occubuit.

366 1410 575 1487 XLV.
686 1420 809 1487 Cui
877 1422 1101 1486 fratrer
1161 1420 1432 1485 Euricus
1505 1421 1896 1507 praecupida
1955 1420 2224 1487 festina-

152 1518 331 1584 tione
394 1520 739 1585 succedens
760 1568 778 1598 ,
850 1540 1043 1585 saeva
1102 1520 1465 1605 suspicione
1508 1520 1800 1605 pulsatus
1843 1526 1960 1588 est
2061 1521 2228 1587 Nam

155 1619 313 1685 dum
370 1620 528 1684 haec
586 1622 752 1684 eirca
795 1616 1305 1704 Vesegotharum
1349 1625 1602 1703 gentem
1647 1624 1712 1685 et
1753 1618 1880 1683 alia
1920 1619 2230 1688 nonnulla

155 1725 504 1803 geruntur,
560 1718 1049 1784 Valentinianus
1092 1720 1438 1805 imperator
1480 1719 1627 1786 dolo
1671 1720 1936 1785 Maximi
1979 1720 2254 1787 occisus

153 1825 291 1895 est,
354 1826 417 1883 et
480 1819 617 1903 ipse
674 1818 993 1883 Maximus
1050 1819 1384 1903 tyrannico
1443 1839 1618 1884 more
1661 1838 1926 1902 regnum
1967 1818 2224 1889 invasit.

156 1917 351 2002 Quod
418 1918 683 1983 audiens
739 1918 1064 1985 Gizericus
1091 1968 1108 2001 ‚
1168 1940 1281 1983 rex
1325 1918 1799 2003 Vandalorum‚
1865 1919 1948 1985 ab
2005 1919 2224 1985 Africa

152 2024 399 2085 armata
464 2020 665 2085 classe
720 2021 785 2084 in
839 2020 1090 2087 Italiam
1147 2020 1358 2102 venit,
1443 2020 1840 2105 Romamque
1895 2019 2224 2101 ingressus

154 2124 389 2184 cuncta
434 2120 744 2187 devastat.
828 2121 1149 2187 Maximus
1192 2141 1345 2187 vero
1375 2120 1624 2205 fugiens
1653 2140 1693 2187 a
1723 2119 2001 2206 quodam
2031 2119 2220 2197 Urso,

157 2218 363 2283 milite
392 2220 705 2300 Romano,
748 2220 1165 2306 interemptus
1207 2227 1320 2285 est.
1408 2220 1565 2285 Post
1595 2237 1796 2305 quem
1843 2220 2022 2285 iussu
2048 2219 2224 2283 Mar·-

1316 2339 1534 2351 —-....,-..-
1538 2342 1703 2348 --.,--

792 2346 832 2351 .-
893 2344 1017 2351 -—--—-·

154 2388 357 2454 —erat)
388 2389 471 2438 Ita
501 2389 635 2439 Pau.
670 2406 763 2453 pro
795 2346 937 2455 vulg.
976 2394 1077 2438 ie·—
1088 2395 1210 2440 erat.
1245 2416 1314 2427 -
1347 2385 1771 2452 Bimismundum)
1841 2385 1930 2437 Sic
1959 2386 2095 2439 Pau.
2130 2386 2224 2437 sed

149 2471 306 2536 Epit.
351 2474 715 2535 Roemundum3
772 2490 823 2527 v.
866 2476 1304 2535 Remismundum‚
1364 2472 1620 2535 quomodo
1668 2470 1737 2519 ab
1789 2469 1960 2522 Idatio
2015 2483 2221 2533 quoque

156 2554 457 2619 appellatur
490 2561 543 2606 et
572 2556 787 2623 Isidoro,
824 2557 911 2607 cui
940 2561 1116 2606 tamen
1151 2560 1204 2607 et
1234 2554 1596 2605 Rechimundus
1629 2556 1708 2603 est
1737 2551 1892 2607 idem.
2157 2582 2164 2587 -

294 2638 416 2703 Cap.
451 2640 612 2690 XLV.
677 2642 985 2704 praecupida
1024 2640 1358 2703 festinatione)
1427 2636 1516 2687 Sic
1559 2650 1653 2700 pro
1683 2635 1954 2698 percupida
1982 2633 2116 2683 Pan.
2153 2658 2220 2671 --

148 2737 311 2772 saeva
342 2724 645 2790 suspicione)
714 2724 847 2777 Pau.
894 2738 1059 2786 sceva,
1110 2739 1145 2771 a
1185 2724 1340 2773 litera
1379 2722 1436 2771 in
1481 2721 1614 2773 duas
1654 2736 1680 2769 c
1719 2723 1774 2769 et
1813 2735 1838 2767 e
1869 2716 2226 2781 imprudenter,

148 2805 427 2869 distracta,
484 2808 590 2857 nisi
635 2809 799 2857 mavis
842 2808 1109 2859 librarium
1148 2805 1627 2871 pronunciationem
1671 2816 1796 2854 suae
1827 2802 2014 2854 aetatis
2027 2838 2041 2866 ‚
2085 2814 2222 2865 quae

146 2904 352 2939 scaevus
366 2926 380 2954 ‚
430 2895 648 2941 scaevire
678 2906 771 2955 pro
806 2906 1004 2954 saevus,
1056 2894 1244 2939 auersere
1291 2889 1522 2952 efferret,
1575 2900 1688 2939 esse
1729 2891 1979 2937 secutum.
2044 2884 2222 2937 Possis

172 2986 329 3023 amen
373 2977 682 3026 vocabulum
724 2990 889 3025 scevae
936 2976 1047 3025 sive
1091 2989 1294 3026 scaevus
1334 2972 1518 3024 eadem
1551 2972 1789 3036 accipere
1821 2968 2218 3036 significatione,

144 3072 255 3123 qua
304 3062 501 3108 sinister
548 3066 829 3124 usurpatur
876 3058 1135 3109 interdum
1151 3096 1164 3123 ,
1221 3064 1281 3108 ut
1325 3058 1503 3109 valeat
1546 3057 1712 3121 idem,
1765 3054 1906 3119 quod
1953 3054 2214 3119 adversus,

144 3141 452 3205 contrarius,
488 3141 571 3191 de·
588 3156 687 3205 quo
722 3143 961 3193 vocabuli
993 3156 1093 3191 usu
1114 3158 1163 3190 v.
1183 3142 1219 3191 J
1222 3146 1352 3193 uret.
1375 3141 1442 3191 ad
1465 3140 1757 3207 Symmaeh.
1784 3138 1829 3201 Ι,
1863 3138 1946 3187 25.
1971 3141 2026 3185 et
2049 3134 2216 3187 Celer.

144 3223 217 3273 ad
264 3222 443 3274 Sidon.
478 3225 653 3288 Apoll.
694 3226 759 3274 L.
794 3224 862 3273 Π.
902 3240 983 3290 ep.
1018 3227 1066 3275 9.
1102 3250 1171 3263 -
1202 3240 1354 3275 saeva
1371 3250 1438 3263 -
1450 3228 1681 3287 pulsatu-v
1713 3221 1802 3288 est)
1867 3220 2028 3271 Plura
2061 3232 2216 3282 quam

142 3306 289 3368 libri,
326 3305 575 3356 exhibent
608 3307 695 3356 hic
720 3308 862 3372 Epit.
897 3316 951 3358 et
980 3309 1132 3359 Boni.
1170 3314 1225 3359 et
1254 3309 1350 3358 illa
1383 3307 1590 3373 quidem
1622 3320 1772 3356 saeva
1793 3308 2074 3367 ,suspicione
2099 3306 2216 3364 pul-

141 3395 287 3440 satus
322 3394 394 3437 est
422 3390 813 3451 fratris-veneno
844 3392 1107 3453 absumpti,
1143 3391 1229 3441 hic
1250 3406 1392 3455 veru,
1425 3394 1602 3441 veneni
1619 3391 1894 3451 mpicione
1914 3403 2014 3437 mn
2035 3389 2212 3437 caruit.

142 3475 347 3524 Vocem
392 3480 567 3523 antem
610 3490 849 3525 venenum
889 3476 1241 3541 repererintne
1265 3476 1332 3525 'in
1361 3476 1510 3526 libris
1543 3476 1652 3526 suis
1681 3475 1886 3525 Aeneas
1919 3470 2128 3537 Sylvius
2161 3474 2214 3521 et

139 3558 421 3610 Bonfinius
452 3572 521 3608 an
552 3560 847 3611 addiderint
878 3560 949 3611 de
976 3575 1088 3626 suo,
1126 3562 1241 3625 quis
1274 3558 1670 3611 diiudicaverit‘?
1689 3582 1756 3597 -—
1773 3560 1904 3607 circa
1925 3556 2214 3617 Veseqotlm·

138 3656 261 3695 rum
294 3644 509 3710 yemem)
542 3644 719 3695 Ambr.
758 3647 1041 3695 Gothomm.
1067 3670 1135 3685 --
1151 3649 1288 3694 inam
1309 3641 1578 3709 Marciani)
1609 3641 1744 3693 Edu.
1763 3655 1843 3706 pr.
1869 3643 1924 3689 et
1937 3638 2054 3689 Par.
2071 3639 2212 3691 Mar·
