<?xml version="1.0" encoding="UTF-8"?>
<!DOCTYPE html PUBLIC "-//W3C//DTD XHTML 1.0 Transitional//EN"
    "http://www.w3.org/TR/xhtml1/DTD/xhtml1-transitional.dtd">
<html xmlns="http://www.w3.org/1999/xhtml" xml:lang="en" lang="en">
 <head>
  <title>
</title>
<meta http-equiv="Content-Type" content="text/html;charset=utf-8" />
  <meta name='ocr-system' content='tesseract 3.04.00' />
  <meta name='ocr-capabilities' content='ocr_page ocr_carea ocr_par ocr_line ocrx_word'/>
</head>
<body>
  <div class='ocr_page' id='page_1' title='image "./jordanisdegetar00closgoog_0043.png"; bbox 0 0 2567 4084; ppageno 0'>
   <div class='ocr_carea' id='block_1_1' title="bbox 1205 150 1289 215">
    <p class='ocr_par' dir='ltr' id='par_1_1' title="bbox 1205 150 1289 215">
     <span class='ocr_line' id='line_1_1' title="bbox 1205 150 1289 215; baseline 0.012 -1"><span class='ocrx_word' id='word_1_1' title='bbox 1205 150 1289 215; x_wconf 79' lang='lat'>21</span> 
     </span>
    </p>
   </div>
   <div class='ocr_carea' id='block_1_2' title="bbox 133 326 2329 2112">
    <p class='ocr_par' dir='ltr' id='par_1_2' title="bbox 133 326 2329 2112">
     <span class='ocr_line' id='line_1_2' title="bbox 224 326 2289 419; baseline -0.001 -22"><span class='ocrx_word' id='word_1_2' title='bbox 224 336 447 416; x_wconf 83' lang='lat' dir='ltr'>terraS,</span> <span class='ocrx_word' id='word_1_3' title='bbox 495 351 659 419; x_wconf 90' lang='lat' dir='ltr'>quae</span> <span class='ocrx_word' id='word_1_4' title='bbox 701 332 920 417; x_wconf 84' lang='lat' dir='ltr'>lingua</span> <span class='ocrx_word' id='word_1_5' title='bbox 963 351 1180 397; x_wconf 81' lang='lat' dir='ltr'>eorum</span> <span class='ocrx_word' id='word_1_6' title='bbox 1215 330 1409 395; x_wconf 89' lang='lat' dir='ltr'>Oium</span> <span class='ocrx_word' id='word_1_7' title='bbox 1451 330 1877 395; x_wconf 87' lang='lat' dir='ltr'>vocabantur:</span> <span class='ocrx_word' id='word_1_8' title='bbox 1922 330 2035 395; x_wconf 90' lang='lat' dir='ltr'>ubi</span> <span class='ocrx_word' id='word_1_9' title='bbox 2077 326 2289 396; x_wconf 81' lang='lat' dir='ltr'>delec-</span> 
     </span>
     <span class='ocr_line' id='line_1_3' title="bbox 217 428 2287 516; baseline 0 -20"><span class='ocrx_word' id='word_1_10' title='bbox 217 437 356 497; x_wconf 85' lang='lat' dir='ltr'>tato</span> <span class='ocrx_word' id='word_1_11' title='bbox 421 452 656 516; x_wconf 86' lang='lat' dir='ltr'>magna</span> <span class='ocrx_word' id='word_1_12' title='bbox 715 433 1008 498; x_wconf 83' lang='lat' dir='ltr'>ubertate</span> <span class='ocrx_word' id='word_1_13' title='bbox 1064 431 1393 515; x_wconf 86' lang='lat' dir='ltr'>regionum</span> <span class='ocrx_word' id='word_1_14' title='bbox 1448 428 1727 495; x_wconf 86' lang='lat' dir='ltr'>exercitu</span> <span class='ocrx_word' id='word_1_15' title='bbox 1746 479 1763 511; x_wconf 75' lang='grc'>,</span> <span class='ocrx_word' id='word_1_16' title='bbox 1824 436 1887 493; x_wconf 88' lang='lat' dir='ltr'>et</span> <span class='ocrx_word' id='word_1_17' title='bbox 1952 431 2287 496; x_wconf 81' lang='lat' dir='ltr'>medietate</span> 
     </span>
     <span class='ocr_line' id='line_1_4' title="bbox 222 529 2286 619; baseline -0 -24"><span class='ocrx_word' id='word_1_18' title='bbox 222 533 612 618; x_wconf 86' lang='lat' dir='ltr'>transposita</span> <span class='ocrx_word' id='word_1_19' title='bbox 662 553 826 619; x_wconf 91' lang='lat' dir='ltr'>pons</span> <span class='ocrx_word' id='word_1_20' title='bbox 883 530 1143 614; x_wconf 76' lang='lat' dir='ltr'>dicitur,</span> <span class='ocrx_word' id='word_1_21' title='bbox 1202 529 1373 594; x_wconf 86' lang='lat' dir='ltr'>unde</span> <span class='ocrx_word' id='word_1_22' title='bbox 1432 548 1683 593; x_wconf 88' lang='lat' dir='ltr'>amnem</span> <span class='ocrx_word' id='word_1_23' title='bbox 1724 529 2152 613; x_wconf 78' lang='lat' dir='ltr'>transiecerat,</span> <span class='ocrx_word' id='word_1_24' title='bbox 2198 532 2286 594; x_wconf 90' lang='lat' dir='ltr'>ir-</span> 
     </span>
     <span class='ocr_line' id='line_1_5' title="bbox 221 628 2289 715; baseline 0 -21"><span class='ocrx_word' id='word_1_25' title='bbox 221 631 661 715; x_wconf 82' lang='lat' dir='ltr'>reparabiliter</span> <span class='ocrx_word' id='word_1_26' title='bbox 705 632 1040 715; x_wconf 59' lang='lat' dir='ltr'>corruisse5</span> <span class='ocrx_word' id='word_1_27' title='bbox 1101 650 1220 696; x_wconf 90' lang='lat' dir='ltr'>nec</span> <span class='ocrx_word' id='word_1_28' title='bbox 1276 630 1543 695; x_wconf 89' lang='lat' dir='ltr'>ulterius</span> <span class='ocrx_word' id='word_1_29' title='bbox 1604 630 1730 693; x_wconf 88' lang='lat' dir='ltr'>iam</span> <span class='ocrx_word' id='word_1_30' title='bbox 1774 628 2069 715; x_wconf 82' lang='lat' dir='ltr'>cuiquam</span> <span class='ocrx_word' id='word_1_31' title='bbox 2110 630 2289 695; x_wconf 88' lang='lat' dir='ltr'>licuit</span> 
     </span>
     <span class='ocr_line' id='line_1_6' title="bbox 221 728 2329 815; baseline 0.001 -22"><span class='ocrx_word' id='word_1_32' title='bbox 221 728 317 795; x_wconf 91' lang='lat' dir='ltr'>ire</span> <span class='ocrx_word' id='word_1_33' title='bbox 360 734 470 795; x_wconf 84' lang='lat' dir='ltr'>aut</span> <span class='ocrx_word' id='word_1_34' title='bbox 512 732 736 797; x_wconf 89' lang='lat' dir='ltr'>redire.</span> <span class='ocrx_word' id='word_1_35' title='bbox 801 728 967 795; x_wconf 88' lang='lat' dir='ltr'>Nam</span> <span class='ocrx_word' id='word_1_36' title='bbox 1010 730 1076 795; x_wconf 71' lang='lat' dir='ltr'>is&#39;·</span> <span class='ocrx_word' id='word_1_37' title='bbox 1107 729 1321 814; x_wconf 81' lang='lat' dir='ltr'>locus,</span> <span class='ocrx_word' id='word_1_38' title='bbox 1366 736 1439 793; x_wconf 91' lang='lat' dir='ltr'>ut</span> <span class='ocrx_word' id='word_1_39' title='bbox 1481 729 1710 810; x_wconf 78' lang='lat' dir='ltr'>fertur,</span> <span class='ocrx_word' id='word_1_40' title='bbox 1770 730 2055 796; x_wconf 84' lang='lat' dir='ltr'>tremulis</span> <span class='ocrx_word' id='word_1_41' title='bbox 2097 730 2286 815; x_wconf 52' lang='lat' dir='ltr'>palu-*-</span> <span class='ocrx_word' id='word_1_42' title='bbox 2309 740 2329 765; x_wconf 72' lang='lat'><em>⁶</em></span> 
     </span>
     <span class='ocr_line' id='line_1_7' title="bbox 220 827 2286 915; baseline 0.002 -24"><span class='ocrx_word' id='word_1_43' title='bbox 220 827 415 893; x_wconf 88' lang='lat' dir='ltr'>dibus</span> <span class='ocrx_word' id='word_1_44' title='bbox 457 831 764 914; x_wconf 86' lang='lat' dir='ltr'>voragine</span> <span class='ocrx_word' id='word_1_45' title='bbox 807 830 1210 896; x_wconf 87' lang='lat' dir='ltr'>circumiecta</span> <span class='ocrx_word' id='word_1_46' title='bbox 1252 829 1685 911; x_wconf 59' lang='lat' dir='ltr'>concluditur.</span> <span class='ocrx_word' id='word_1_47' title='bbox 1750 850 1940 915; x_wconf 90' lang='lat' dir='ltr'>quem</span> <span class='ocrx_word' id='word_1_48' title='bbox 2018 835 2286 915; x_wconf 88' lang='lat' dir='ltr'>utraque</span> 
     </span>
     <span class='ocr_line' id='line_1_8' title="bbox 216 928 2288 1016; baseline 0.001 -24"><span class='ocrx_word' id='word_1_49' title='bbox 216 928 590 994; x_wconf 87' lang='lat' dir='ltr'>confusione</span> <span class='ocrx_word' id='word_1_50' title='bbox 611 935 833 995; x_wconf 86' lang='lat' dir='ltr'>natura</span> <span class='ocrx_word' id='word_1_51' title='bbox 857 930 1134 995; x_wconf 85' lang='lat' dir='ltr'>reddidit</span> <span class='ocrx_word' id='word_1_52' title='bbox 1162 928 1561 1016; x_wconf 85' lang='lat' dir='ltr'>impervium.</span> <span class='ocrx_word' id='word_1_53' title='bbox 1605 928 2040 995; x_wconf 85' lang='lat' dir='ltr'>Veruntamen</span> <span class='ocrx_word' id='word_1_54' title='bbox 2062 929 2288 995; x_wconf 89' lang='lat' dir='ltr'>hodie-</span> 
     </span>
     <span class='ocr_line' id='line_1_9' title="bbox 221 1026 2287 1112; baseline 0.003 -22"><span class='ocrx_word' id='word_1_55' title='bbox 221 1046 348 1112; x_wconf 87' lang='lat' dir='ltr'>que</span> <span class='ocrx_word' id='word_1_56' title='bbox 390 1026 522 1091; x_wconf 91' lang='lat' dir='ltr'>illic</span> <span class='ocrx_word' id='word_1_57' title='bbox 566 1034 628 1092; x_wconf 89' lang='lat' dir='ltr'>et</span> <span class='ocrx_word' id='word_1_58' title='bbox 667 1048 865 1093; x_wconf 84' lang='lat' dir='ltr'>voces</span> <span class='ocrx_word' id='word_1_59' title='bbox 909 1034 1336 1094; x_wconf 85' lang='lat' dir='ltr'>armentorum</span> <span class='ocrx_word' id='word_1_60' title='bbox 1373 1027 1579 1093; x_wconf 88' lang='lat' dir='ltr'>audiri</span> <span class='ocrx_word' id='word_1_61' title='bbox 1612 1033 1674 1092; x_wconf 88' lang='lat' dir='ltr'>et</span> <span class='ocrx_word' id='word_1_62' title='bbox 1703 1028 1939 1094; x_wconf 88' lang='lat' dir='ltr'>indicia</span> <span class='ocrx_word' id='word_1_63' title='bbox 1958 1026 2287 1096; x_wconf 89' lang='lat' dir='ltr'>hominum</span> 
     </span>
     <span class='ocr_line' id='line_1_10' title="bbox 220 1122 2288 1215; baseline 0.003 -25"><span class='ocrx_word' id='word_1_64' title='bbox 220 1122 612 1211; x_wconf 88' lang='lat' dir='ltr'>deprehendi</span> <span class='ocrx_word' id='word_1_65' title='bbox 655 1130 1143 1193; x_wconf 83' lang='lat' dir='ltr'>commeantium</span> <span class='ocrx_word' id='word_1_66' title='bbox 1186 1127 1623 1205; x_wconf 87' lang='lat' dir='ltr'>attestatione,</span> <span class='ocrx_word' id='word_1_67' title='bbox 1684 1130 1975 1212; x_wconf 88' lang='lat' dir='ltr'>quamvis</span> <span class='ocrx_word' id='word_1_68' title='bbox 2020 1151 2057 1195; x_wconf 88' lang='lat' dir='ltr'>a</span> <span class='ocrx_word' id='word_1_69' title='bbox 2099 1130 2288 1215; x_wconf 86' lang='lat' dir='ltr'>longe</span> 
     </span>
     <span class='ocr_line' id='line_1_11' title="bbox 219 1220 2283 1315; baseline 0.003 -26"><span class='ocrx_word' id='word_1_70' title='bbox 219 1225 610 1291; x_wconf 89' lang='lat' dir='ltr'>audientium</span> <span class='ocrx_word' id='word_1_71' title='bbox 638 1277 655 1310; x_wconf 86' lang='lat'>‚</span> <span class='ocrx_word' id='word_1_72' title='bbox 702 1228 956 1294; x_wconf 86' lang='lat' dir='ltr'>credere</span> <span class='ocrx_word' id='word_1_73' title='bbox 998 1229 1164 1295; x_wconf 88' lang='lat' dir='ltr'>licet.</span> <span class='ocrx_word' id='word_1_74' title='bbox 1205 1227 1409 1314; x_wconf 48' lang='lat' dir='ltr'>⁸Haec</span> <span class='ocrx_word' id='word_1_75' title='bbox 1463 1227 1657 1311; x_wconf 87' lang='lat' dir='ltr'>igitur</span> <span class='ocrx_word' id='word_1_76' title='bbox 1712 1246 1862 1313; x_wconf 89' lang='lat' dir='ltr'>pars</span> <span class='ocrx_word' id='word_1_77' title='bbox 1906 1220 2283 1315; x_wconf 82' lang='lat' dir='ltr'>Gothorum,</span> 
     </span>
     <span class='ocr_line' id='line_1_12' title="bbox 218 1325 2288 1413; baseline 0.001 -20"><span class='ocrx_word' id='word_1_78' title='bbox 218 1346 384 1413; x_wconf 88' lang='lat' dir='ltr'>quae</span> <span class='ocrx_word' id='word_1_79' title='bbox 427 1329 598 1413; x_wconf 85' lang='lat' dir='ltr'>apud</span> <span class='ocrx_word' id='word_1_80' title='bbox 640 1327 900 1393; x_wconf 88' lang='lat' dir='ltr'>Filimer</span> <span class='ocrx_word' id='word_1_81' title='bbox 945 1328 1172 1393; x_wconf 90' lang='lat' dir='ltr'>dicitur</span> <span class='ocrx_word' id='word_1_82' title='bbox 1216 1328 1284 1391; x_wconf 91' lang='lat' dir='ltr'>in</span> <span class='ocrx_word' id='word_1_83' title='bbox 1327 1334 1525 1392; x_wconf 88' lang='lat' dir='ltr'>terras</span> <span class='ocrx_word' id='word_1_84' title='bbox 1567 1325 1759 1392; x_wconf 90' lang='lat' dir='ltr'>Oium</span> <span class='ocrx_word' id='word_1_85' title='bbox 1804 1347 2058 1394; x_wconf 89' lang='lat' dir='ltr'>emenso</span> <span class='ocrx_word' id='word_1_86' title='bbox 2102 1350 2288 1404; x_wconf 76' lang='lat' dir='ltr'>amne</span> 
     </span>
     <span class='ocr_line' id='line_1_13' title="bbox 215 1428 2287 1515; baseline 0.002 -24"><span class='ocrx_word' id='word_1_87' title='bbox 215 1429 637 1515; x_wconf 85' lang='lat' dir='ltr'>transposita,</span> <span class='ocrx_word' id='word_1_88' title='bbox 681 1432 968 1513; x_wconf 90' lang='lat' dir='ltr'>optatum</span> <span class='ocrx_word' id='word_1_89' title='bbox 1010 1428 1214 1513; x_wconf 86' lang='lat' dir='ltr'>potita</span> <span class='ocrx_word' id='word_1_90' title='bbox 1256 1428 1481 1493; x_wconf 90' lang='lat' dir='ltr'>solum.</span> <span class='ocrx_word' id='word_1_91' title='bbox 1560 1428 1695 1493; x_wconf 90' lang='lat' dir='ltr'>Nec</span> <span class='ocrx_word' id='word_1_92' title='bbox 1736 1448 1945 1512; x_wconf 79' lang='lat' dir='ltr'>mora,</span> <span class='ocrx_word' id='word_1_93' title='bbox 1988 1429 2160 1496; x_wconf 90' lang='lat' dir='ltr'>illico</span> <span class='ocrx_word' id='word_1_94' title='bbox 2204 1430 2287 1495; x_wconf 89' lang='lat' dir='ltr'>ad</span> 
     </span>
     <span class='ocr_line' id='line_1_14' title="bbox 209 1526 2282 1615; baseline 0.001 -23"><span class='ocrx_word' id='word_1_95' title='bbox 209 1534 472 1611; x_wconf 83' lang='lat' dir='ltr'>gentem</span> <span class='ocrx_word' id='word_1_96' title='bbox 519 1526 859 1614; x_wconf 84' lang='lat' dir='ltr'>Spalorum</span> <span class='ocrx_word' id='word_1_97' title='bbox 903 1526 1274 1612; x_wconf 82' lang='lat' dir='ltr'>adveniunt,</span> <span class='ocrx_word' id='word_1_98' title='bbox 1321 1533 1739 1615; x_wconf 88' lang='lat' dir='ltr'>consertoque</span> <span class='ocrx_word' id='word_1_99' title='bbox 1781 1529 2023 1615; x_wconf 91' lang='lat' dir='ltr'>proelio</span> <span class='ocrx_word' id='word_1_100' title='bbox 2068 1530 2282 1595; x_wconf 91' lang='lat' dir='ltr'>victo-</span> 
     </span>
     <span class='ocr_line' id='line_1_15' title="bbox 216 1622 2285 1715; baseline 0.002 -24"><span class='ocrx_word' id='word_1_101' title='bbox 216 1628 377 1691; x_wconf 86' lang='lat' dir='ltr'>riam</span> <span class='ocrx_word' id='word_1_102' title='bbox 422 1628 881 1715; x_wconf 85' lang='lat' dir='ltr'>adipiscuntur,</span> <span class='ocrx_word' id='word_1_103' title='bbox 928 1627 1284 1713; x_wconf 85' lang='lat' dir='ltr'>exindeque</span> <span class='ocrx_word' id='word_1_104' title='bbox 1338 1628 1467 1692; x_wconf 86' lang='lat' dir='ltr'>iam</span> <span class='ocrx_word' id='word_1_105' title='bbox 1508 1627 1685 1693; x_wconf 88' lang='lat' dir='ltr'>velut</span> <span class='ocrx_word' id='word_1_106' title='bbox 1720 1622 2003 1695; x_wconf 77' lang='lat' dir='ltr'>&#39;victores</span> <span class='ocrx_word' id='word_1_107' title='bbox 2045 1630 2129 1695; x_wconf 91' lang='lat' dir='ltr'>ad</span> <span class='ocrx_word' id='word_1_108' title='bbox 2170 1651 2285 1695; x_wconf 84' lang='lat' dir='ltr'>ex-</span> 
     </span>
     <span class='ocr_line' id='line_1_16' title="bbox 133 1725 2283 1815; baseline 0.004 -28"><span class='ocrx_word' id='word_1_109' title='bbox 133 1782 140 1787; x_wconf 87' lang='lat'>.</span> <span class='ocrx_word' id='word_1_110' title='bbox 213 1730 484 1789; x_wconf 88' lang='lat' dir='ltr'>tremam</span> <span class='ocrx_word' id='word_1_111' title='bbox 524 1725 826 1809; x_wconf 86' lang='lat' dir='ltr'>Scythiae</span> <span class='ocrx_word' id='word_1_112' title='bbox 868 1733 1149 1813; x_wconf 85' lang='lat' dir='ltr'>partem,</span> <span class='ocrx_word' id='word_1_113' title='bbox 1197 1746 1359 1812; x_wconf 90' lang='lat' dir='ltr'>quae</span> <span class='ocrx_word' id='word_1_114' title='bbox 1402 1726 1670 1793; x_wconf 88' lang='lat' dir='ltr'>Pontico</span> <span class='ocrx_word' id='word_1_115' title='bbox 1713 1730 1872 1794; x_wconf 89' lang='lat' dir='ltr'>mari</span> <span class='ocrx_word' id='word_1_116' title='bbox 1914 1730 2125 1794; x_wconf 84' lang='lat' dir='ltr'>vicina</span> <span class='ocrx_word' id='word_1_117' title='bbox 2168 1738 2283 1815; x_wconf 86' lang='lat' dir='ltr'>est,</span> 
     </span>
     <span class='ocr_line' id='line_1_17' title="bbox 217 1822 2287 1913; baseline 0.003 -24"><span class='ocrx_word' id='word_1_118' title='bbox 217 1822 586 1910; x_wconf 82' lang='lat' dir='ltr'>properant,</span> <span class='ocrx_word' id='word_1_119' title='bbox 621 1826 1153 1913; x_wconf 89' lang='lat' dir='ltr'>quemadmodum</span> <span class='ocrx_word' id='word_1_120' title='bbox 1193 1832 1256 1891; x_wconf 88' lang='lat' dir='ltr'>et.</span> <span class='ocrx_word' id='word_1_121' title='bbox 1287 1826 1350 1890; x_wconf 90' lang='lat' dir='ltr'>in</span> <span class='ocrx_word' id='word_1_122' title='bbox 1394 1828 1617 1913; x_wconf 84' lang='lat' dir='ltr'>priscis</span> <span class='ocrx_word' id='word_1_123' title='bbox 1648 1848 1867 1895; x_wconf 88' lang='lat' dir='ltr'>eorum</span> <span class='ocrx_word' id='word_1_124' title='bbox 1902 1830 2287 1896; x_wconf 88' lang='lat' dir='ltr'>carminibus</span> 
     </span>
     <span class='ocr_line' id='line_1_18' title="bbox 215 1916 2287 2014; baseline 0.001 -24"><span class='ocrx_word' id='word_1_125' title='bbox 215 1945 424 2011; x_wconf 86' lang='lat' dir='ltr'>paene</span> <span class='ocrx_word' id='word_1_126' title='bbox 465 1925 771 1992; x_wconf 90' lang='lat' dir='ltr'>historico</span> <span class='ocrx_word' id='word_1_127' title='bbox 807 1926 934 1991; x_wconf 89' lang='lat' dir='ltr'>ritu</span> <span class='ocrx_word' id='word_1_128' title='bbox 970 1916 1042 1990; x_wconf 84' lang='lat' dir='ltr'>in&#39;</span> <span class='ocrx_word' id='word_1_129' title='bbox 1063 1946 1396 1992; x_wconf 88' lang='lat' dir='ltr'>commune</span> <span class='ocrx_word' id='word_1_130' title='bbox 1427 1927 1755 1992; x_wconf 89' lang='lat' dir='ltr'>recolitur:</span> <span class='ocrx_word' id='word_1_131' title='bbox 1791 1928 1963 2014; x_wconf 92' lang='lat' dir='ltr'>quod</span> <span class='ocrx_word' id='word_1_132' title='bbox 1997 1934 2060 1993; x_wconf 90' lang='lat' dir='ltr'>et</span> <span class='ocrx_word' id='word_1_133' title='bbox 2078 1927 2287 1994; x_wconf 86' lang='lat' dir='ltr'>Abla·-</span> 
     </span>
     <span class='ocr_line' id='line_1_19' title="bbox 213 2026 2287 2112; baseline 0.001 -19"><span class='ocrx_word' id='word_1_134' title='bbox 213 2029 385 2109; x_wconf 80' lang='lat' dir='ltr'>viuS‚</span> <span class='ocrx_word' id='word_1_135' title='bbox 432 2027 783 2112; x_wconf 88' lang='lat' dir='ltr'>descriptor</span> <span class='ocrx_word' id='word_1_136' title='bbox 819 2026 1174 2091; x_wconf 86' lang='lat' dir='ltr'>Gothorum</span> <span class='ocrx_word' id='word_1_137' title='bbox 1217 2026 1424 2110; x_wconf 84' lang='lat' dir='ltr'>gentis</span> <span class='ocrx_word' id='word_1_138' title='bbox 1461 2030 1771 2111; x_wconf 81' lang='lat' dir='ltr'>egregiuS‚</span> <span class='ocrx_word' id='word_1_139' title='bbox 1817 2028 2147 2094; x_wconf 85' lang='lat' dir='ltr'>verissima</span> <span class='ocrx_word' id='word_1_140' title='bbox 2187 2036 2287 2095; x_wconf 88' lang='lat' dir='ltr'>at-</span> 
     </span>
    </p>
   </div>
   <div class='ocr_carea' id='block_1_3' title="bbox 209 2162 2291 3726">
    <p class='ocr_par' dir='ltr' id='par_1_3' title="bbox 209 2162 2291 3726">
     <span class='ocr_line' id='line_1_20' title="bbox 214 2162 2289 2229; baseline 0.002 -16"><span class='ocrx_word' id='word_1_141' title='bbox 214 2165 371 2228; x_wconf 81' lang='lat' dir='ltr'>infra,</span> <span class='ocrx_word' id='word_1_142' title='bbox 405 2178 607 2213; x_wconf 86' lang='lat' dir='ltr'>necnon</span> <span class='ocrx_word' id='word_1_143' title='bbox 629 2164 766 2211; x_wconf 79' lang='lat' dir='ltr'>infra</span> <span class='ocrx_word' id='word_1_144' title='bbox 787 2162 895 2227; x_wconf 86' lang='lat' dir='ltr'>Mg.</span> <span class='ocrx_word' id='word_1_145' title='bbox 926 2162 1042 2211; x_wconf 85' lang='lat' dir='ltr'>Par.</span> <span class='ocrx_word' id='word_1_146' title='bbox 1065 2163 1190 2212; x_wconf 89' lang='lat' dir='ltr'>item</span> <span class='ocrx_word' id='word_1_147' title='bbox 1225 2162 1501 2227; x_wconf 85' lang='lat' dir='ltr'>Freeulph.</span> <span class='ocrx_word' id='word_1_148' title='bbox 1530 2164 1688 2213; x_wconf 76' lang='lat' dir='ltr'>Oeam</span> <span class='ocrx_word' id='word_1_149' title='bbox 1710 2164 1885 2220; x_wconf 80' lang='lat' dir='ltr'>Ambr.</span> <span class='ocrx_word' id='word_1_150' title='bbox 1911 2170 2152 2229; x_wconf 76' lang='lat' dir='ltr'>omnium,</span> <span class='ocrx_word' id='word_1_151' title='bbox 2176 2171 2289 2218; x_wconf 73' lang='lat' dir='ltr'>ozin</span> 
     </span>
     <span class='ocr_line' id='line_1_21' title="bbox 219 2246 2286 2314; baseline 0.002 -18"><span class='ocrx_word' id='word_1_152' title='bbox 219 2247 428 2297; x_wconf 81' lang='lat' dir='ltr'>Monac.</span> <span class='ocrx_word' id='word_1_153' title='bbox 468 2248 568 2295; x_wconf 80' lang='lat' dir='ltr'>Oin</span> <span class='ocrx_word' id='word_1_154' title='bbox 589 2246 732 2309; x_wconf 87' lang='lat' dir='ltr'>Epit.</span> <span class='ocrx_word' id='word_1_155' title='bbox 775 2248 922 2295; x_wconf 79' lang='lat' dir='ltr'>ovim</span> <span class='ocrx_word' id='word_1_156' title='bbox 955 2246 1131 2311; x_wconf 80' lang='lat' dir='ltr'>vulgo,</span> <span class='ocrx_word' id='word_1_157' title='bbox 1167 2260 1323 2310; x_wconf 88' lang='lat' dir='ltr'>quam</span> <span class='ocrx_word' id='word_1_158' title='bbox 1356 2246 1630 2295; x_wconf 88' lang='lat' dir='ltr'>lectionem</span> <span class='ocrx_word' id='word_1_159' title='bbox 1654 2246 1902 2299; x_wconf 83' lang='lat' dir='ltr'>exhibent</span> <span class='ocrx_word' id='word_1_160' title='bbox 1931 2264 2135 2314; x_wconf 88' lang='lat' dir='ltr'>quoque</span> <span class='ocrx_word' id='word_1_161' title='bbox 2155 2250 2286 2302; x_wconf 85' lang='lat' dir='ltr'>Exc.</span> 
     </span>
     <span class='ocr_line' id='line_1_22' title="bbox 215 2327 2290 2395; baseline 0.002 -15"><span class='ocrx_word' id='word_1_162' title='bbox 215 2330 310 2381; x_wconf 84' lang='lat' dir='ltr'>sed</span> <span class='ocrx_word' id='word_1_163' title='bbox 341 2331 420 2379; x_wconf 85' lang='lat' dir='ltr'>ita</span> <span class='ocrx_word' id='word_1_164' title='bbox 450 2335 510 2379; x_wconf 89' lang='lat' dir='ltr'>ut</span> <span class='ocrx_word' id='word_1_165' title='bbox 531 2330 589 2378; x_wconf 89' lang='lat' dir='ltr'>in</span> <span class='ocrx_word' id='word_1_166' title='bbox 609 2327 910 2378; x_wconf 80' lang='lat' dir='ltr'>Ekkehard.</span> <span class='ocrx_word' id='word_1_167' title='bbox 935 2344 1041 2377; x_wconf 80' lang='lat' dir='ltr'>var.</span> <span class='ocrx_word' id='word_1_168' title='bbox 1065 2328 1379 2378; x_wconf 87' lang='lat' dir='ltr'>lectionibus</span> <span class='ocrx_word' id='word_1_169' title='bbox 1403 2334 1455 2378; x_wconf 92' lang='lat' dir='ltr'>et</span> <span class='ocrx_word' id='word_1_170' title='bbox 1479 2331 1632 2380; x_wconf 78' lang='lat' dir='ltr'>Oium</span> <span class='ocrx_word' id='word_1_171' title='bbox 1664 2336 2093 2395; x_wconf 79' lang='lat' dir='ltr'>repraesentetur.</span> <span class='ocrx_word' id='word_1_172' title='bbox 2115 2361 2183 2373; x_wconf 92' lang='lat'>—</span> <span class='ocrx_word' id='word_1_173' title='bbox 2203 2334 2290 2384; x_wconf 72' lang='lat' dir='ltr'>ubi</span> 
     </span>
     <span class='ocr_line' id='line_1_23' title="bbox 211 2411 2285 2479; baseline 0.002 -17"><span class='ocrx_word' id='word_1_174' title='bbox 211 2415 458 2463; x_wconf 78' lang='lat' dir='ltr'>delectato</span> <span class='ocrx_word' id='word_1_175' title='bbox 481 2442 550 2451; x_wconf 91' lang='lat'>—-</span> <span class='ocrx_word' id='word_1_176' title='bbox 575 2414 900 2476; x_wconf 58' lang='lat' dir='ltr'>transposita)</span> <span class='ocrx_word' id='word_1_177' title='bbox 933 2411 1109 2461; x_wconf 88' lang='lat' dir='ltr'>Ambr.</span> <span class='ocrx_word' id='word_1_178' title='bbox 1143 2412 1231 2460; x_wconf 77' lang='lat' dir='ltr'>ubi</span> <span class='ocrx_word' id='word_1_179' title='bbox 1269 2413 1534 2462; x_wconf 67' lang='lat' dir='ltr'>delectatus</span> <span class='ocrx_word' id='word_1_180' title='bbox 1574 2417 1645 2462; x_wconf 74' lang='lat' dir='ltr'>est</span> <span class='ocrx_word' id='word_1_181' title='bbox 1682 2428 1869 2475; x_wconf 73' lang='lat' dir='ltr'>mayna</span> <span class='ocrx_word' id='word_1_182' title='bbox 1904 2414 2122 2465; x_wconf 79' lang='lat' dir='ltr'>ubertate</span> <span class='ocrx_word' id='word_1_183' title='bbox 2162 2420 2285 2479; x_wconf 73' lang='lat' dir='ltr'>reqi-</span> 
     </span>
     <span class='ocr_line' id='line_1_24' title="bbox 215 2480 2288 2560; baseline 0.001 -14"><span class='ocrx_word' id='word_1_184' title='bbox 215 2510 399 2558; x_wconf 76' lang='lat' dir='ltr'>onum,·</span> <span class='ocrx_word' id='word_1_185' title='bbox 423 2480 648 2545; x_wconf 72' lang='lat' dir='ltr'>exercitus</span> <span class='ocrx_word' id='word_1_186' title='bbox 669 2497 928 2545; x_wconf 72' lang='lat' dir='ltr'>medietate</span> <span class='ocrx_word' id='word_1_187' title='bbox 951 2499 1267 2557; x_wconf 64' lang='lat' dir='ltr'>transposita,</span> <span class='ocrx_word' id='word_1_188' title='bbox 1294 2509 1423 2557; x_wconf 72' lang='lat' dir='ltr'>pone</span> <span class='ocrx_word' id='word_1_189' title='bbox 1454 2499 1549 2544; x_wconf 85' lang='lat' dir='ltr'>cet.</span> <span class='ocrx_word' id='word_1_190' title='bbox 1603 2494 1879 2560; x_wconf 66' lang='lat' dir='ltr'>Heculph.</span> <span class='ocrx_word' id='word_1_191' title='bbox 1906 2498 1993 2546; x_wconf 67' lang='lat' dir='ltr'>ube·</span> <span class='ocrx_word' id='word_1_192' title='bbox 2022 2501 2288 2549; x_wconf 71' lang='lat' dir='ltr'>‘delectatus</span> 
     </span>
     <span class='ocr_line' id='line_1_25' title="bbox 217 2578 2287 2643; baseline 0.002 -14"><span class='ocrx_word' id='word_1_193' title='bbox 217 2596 408 2642; x_wconf 76' lang='lat' dir='ltr'>mayna</span> <span class='ocrx_word' id='word_1_194' title='bbox 429 2581 646 2631; x_wconf 73' lang='lat' dir='ltr'>ubertate</span> <span class='ocrx_word' id='word_1_195' title='bbox 667 2584 944 2643; x_wconf 69' lang='lat' dir='ltr'>reqionum,</span> <span class='ocrx_word' id='word_1_196' title='bbox 969 2581 1053 2628; x_wconf 75' lang='lat' dir='ltr'>sed</span> <span class='ocrx_word' id='word_1_197' title='bbox 1077 2582 1307 2627; x_wconf 65' lang='lat' dir='ltr'>exercitus</span> <span class='ocrx_word' id='word_1_198' title='bbox 1328 2579 1587 2628; x_wconf 75' lang='lat' dir='ltr'>medietate</span> <span class='ocrx_word' id='word_1_199' title='bbox 1610 2582 1708 2627; x_wconf 85' lang='lat' dir='ltr'>cet.</span> <span class='ocrx_word' id='word_1_200' title='bbox 1762 2578 1889 2627; x_wconf 83' lang='lat' dir='ltr'>Exc.</span> <span class='ocrx_word' id='word_1_201' title='bbox 1914 2580 2003 2629; x_wconf 73' lang='lat' dir='ltr'>ubi</span> <span class='ocrx_word' id='word_1_202' title='bbox 2024 2582 2287 2633; x_wconf 70' lang='lat' dir='ltr'>delectatus</span> 
     </span>
     <span class='ocr_line' id='line_1_26' title="bbox 217 2664 2287 2726; baseline 0.002 -15"><span class='ocrx_word' id='word_1_203' title='bbox 217 2678 408 2726; x_wconf 74' lang='lat' dir='ltr'>mayna</span> <span class='ocrx_word' id='word_1_204' title='bbox 437 2664 655 2713; x_wconf 77' lang='lat' dir='ltr'>ubertate</span> <span class='ocrx_word' id='word_1_205' title='bbox 673 2668 927 2726; x_wconf 67' lang='lat' dir='ltr'>reqionum</span> <span class='ocrx_word' id='word_1_206' title='bbox 943 2679 1035 2726; x_wconf 79' lang='lat' dir='ltr'>per</span> <span class='ocrx_word' id='word_1_207' title='bbox 1051 2667 1254 2725; x_wconf 76' lang='lat' dir='ltr'>pontem</span> <span class='ocrx_word' id='word_1_208' title='bbox 1277 2664 1577 2723; x_wconf 69' lang='lat' dir='ltr'>transposuit</span> <span class='ocrx_word' id='word_1_209' title='bbox 1608 2664 1867 2711; x_wconf 75' lang='lat' dir='ltr'>exercitum</span> <span class='ocrx_word' id='word_1_210' title='bbox 1889 2666 2023 2713; x_wconf 79' lang='lat' dir='ltr'>ultra</span> <span class='ocrx_word' id='word_1_211' title='bbox 2044 2665 2287 2725; x_wconf 55' lang='lat' dir='ltr'>quendam</span> 
     </span>
     <span class='ocr_line' id='line_1_27' title="bbox 209 2742 2287 2814; baseline 0 -18"><span class='ocrx_word' id='word_1_212' title='bbox 209 2749 448 2812; x_wconf 80' lang='lat' dir='ltr'>fluvium.</span> <span class='ocrx_word' id='word_1_213' title='bbox 497 2772 562 2785; x_wconf 90' lang='lat'>—-</span> <span class='ocrx_word' id='word_1_214' title='bbox 614 2745 1068 2809; x_wconf 79' lang='lat' dir='ltr'>unde)Frecu1ph.</span> <span class='ocrx_word' id='word_1_215' title='bbox 1113 2760 1230 2793; x_wconf 91' lang='lat' dir='ltr'>cum</span> <span class='ocrx_word' id='word_1_216' title='bbox 1269 2744 1398 2793; x_wconf 85' lang='lat' dir='ltr'>Exc.</span> <span class='ocrx_word' id='word_1_217' title='bbox 1440 2742 1549 2806; x_wconf 78' lang='lat' dir='ltr'>ubi,</span> <span class='ocrx_word' id='word_1_218' title='bbox 1595 2742 1733 2807; x_wconf 85' lang='lat' dir='ltr'>quod</span> <span class='ocrx_word' id='word_1_219' title='bbox 1773 2747 2070 2797; x_wconf 89' lang='lat' dir='ltr'>correctoris</span> <span class='ocrx_word' id='word_1_220' title='bbox 2104 2748 2287 2814; x_wconf 76' lang='lat' dir='ltr'>magis,</span> 
     </span>
     <span class='ocr_line' id='line_1_28' title="bbox 222 2823 2288 2895; baseline -0.001 -14"><span class='ocrx_word' id='word_1_221' title='bbox 222 2846 380 2895; x_wconf 86' lang='lat' dir='ltr'>quam</span> <span class='ocrx_word' id='word_1_222' title='bbox 415 2830 649 2879; x_wconf 86' lang='lat' dir='ltr'>Iordanis</span> <span class='ocrx_word' id='word_1_223' title='bbox 687 2845 868 2881; x_wconf 80' lang='lat' dir='ltr'>manus</span> <span class='ocrx_word' id='word_1_224' title='bbox 900 2827 1120 2879; x_wconf 77' lang='lat' dir='ltr'>videtur.</span> <span class='ocrx_word' id='word_1_225' title='bbox 1163 2855 1231 2866; x_wconf 89' lang='lat'>—</span> <span class='ocrx_word' id='word_1_226' title='bbox 1277 2823 1612 2893; x_wconf 63' lang='lat' dir='ltr'>tran-eiecerat)</span> <span class='ocrx_word' id='word_1_227' title='bbox 1645 2828 1819 2877; x_wconf 82' lang='lat' dir='ltr'>Ambr.</span> <span class='ocrx_word' id='word_1_228' title='bbox 1866 2832 2180 2892; x_wconf 75' lang='lat' dir='ltr'>trameyerat.</span> <span class='ocrx_word' id='word_1_229' title='bbox 2220 2857 2288 2869; x_wconf 92' lang='lat'>—</span> 
     </span>
     <span class='ocr_line' id='line_1_29' title="bbox 217 2909 2290 2978; baseline 0 -16"><span class='ocrx_word' id='word_1_230' title='bbox 217 2911 631 2978; x_wconf 73' lang='lat' dir='ltr'>irreparabiliter)</span> <span class='ocrx_word' id='word_1_231' title='bbox 669 2912 758 2963; x_wconf 86' lang='lat' dir='ltr'>Sic</span> <span class='ocrx_word' id='word_1_232' title='bbox 791 2912 921 2962; x_wconf 85' lang='lat' dir='ltr'>Pall.</span> <span class='ocrx_word' id='word_1_233' title='bbox 961 2912 1134 2961; x_wconf 85' lang='lat' dir='ltr'>Ambr.</span> <span class='ocrx_word' id='word_1_234' title='bbox 1172 2910 1268 2961; x_wconf 84' lang='lat' dir='ltr'>eod</span> <span class='ocrx_word' id='word_1_235' title='bbox 1299 2909 1525 2963; x_wconf 77' lang='lat' dir='ltr'>vindob.</span> <span class='ocrx_word' id='word_1_236' title='bbox 1550 2912 1663 2960; x_wconf 84' lang='lat'>652.</span> <span class='ocrx_word' id='word_1_237' title='bbox 1697 2910 1973 2976; x_wconf 83' lang='lat' dir='ltr'>Freeulph.</span> <span class='ocrx_word' id='word_1_238' title='bbox 1998 2910 2129 2966; x_wconf 84' lang='lat' dir='ltr'>Exc.</span> <span class='ocrx_word' id='word_1_239' title='bbox 2152 2914 2290 2977; x_wconf 83' lang='lat' dir='ltr'>quod</span> 
     </span>
     <span class='ocr_line' id='line_1_30' title="bbox 213 2993 2291 3061; baseline 0.001 -18"><span class='ocrx_word' id='word_1_240' title='bbox 213 2995 564 3045; x_wconf 68' lang='lat' dir='ltr'>miserabiliter</span> <span class='ocrx_word' id='word_1_241' title='bbox 593 2996 784 3061; x_wconf 86' lang='lat' dir='ltr'>legitur</span> <span class='ocrx_word' id='word_1_242' title='bbox 817 2996 990 3061; x_wconf 77' lang='lat' dir='ltr'>vulgo,</span> <span class='ocrx_word' id='word_1_243' title='bbox 1024 2993 1080 3043; x_wconf 85' lang='lat' dir='ltr'>id</span> <span class='ocrx_word' id='word_1_244' title='bbox 1102 3010 1135 3043; x_wconf 82' lang='lat' dir='ltr'>a</span> <span class='ocrx_word' id='word_1_245' title='bbox 1157 2994 1415 3043; x_wconf 82' lang='lat' dir='ltr'>Vulcanio</span> <span class='ocrx_word' id='word_1_246' title='bbox 1452 3009 1481 3043; x_wconf 88' lang='lat' dir='ltr'>e</span> <span class='ocrx_word' id='word_1_247' title='bbox 1503 2994 1609 3059; x_wconf 88' lang='lat' dir='ltr'>Mg.</span> <span class='ocrx_word' id='word_1_248' title='bbox 1643 2995 1761 3047; x_wconf 83' lang='lat' dir='ltr'>Par.</span> <span class='ocrx_word' id='word_1_249' title='bbox 1797 2996 1854 3043; x_wconf 90' lang='lat' dir='ltr'>in</span> <span class='ocrx_word' id='word_1_250' title='bbox 1888 3000 2084 3045; x_wconf 84' lang='lat' dir='ltr'>textum</span> <span class='ocrx_word' id='word_1_251' title='bbox 2114 2996 2291 3046; x_wconf 85' lang='lat' dir='ltr'>induc-</span> 
     </span>
     <span class='ocr_line' id='line_1_31' title="bbox 215 3077 2291 3143; baseline 0 -15"><span class='ocrx_word' id='word_1_252' title='bbox 215 3083 334 3128; x_wconf 84' lang='lat' dir='ltr'>tum</span> <span class='ocrx_word' id='word_1_253' title='bbox 367 3083 474 3128; x_wconf 85' lang='lat' dir='ltr'>est:</span> <span class='ocrx_word' id='word_1_254' title='bbox 517 3094 638 3127; x_wconf 84' lang='lat' dir='ltr'>nam</span> <span class='ocrx_word' id='word_1_255' title='bbox 673 3077 788 3130; x_wconf 85' lang='lat' dir='ltr'>edd.</span> <span class='ocrx_word' id='word_1_256' title='bbox 823 3094 901 3143; x_wconf 87' lang='lat' dir='ltr'>pr.</span> <span class='ocrx_word' id='word_1_257' title='bbox 941 3078 1335 3141; x_wconf 74' lang='lat' dir='ltr'>inseparabiliter</span> <span class='ocrx_word' id='word_1_258' title='bbox 1365 3077 1629 3129; x_wconf 84' lang='lat' dir='ltr'>exhibent.</span> <span class='ocrx_word' id='word_1_259' title='bbox 1664 3104 1732 3115; x_wconf 88' lang='lat'>-—</span> <span class='ocrx_word' id='word_1_260' title='bbox 1764 3081 1991 3141; x_wconf 71' lang='lat' dir='ltr'>cuiquam</span> <span class='ocrx_word' id='word_1_261' title='bbox 2012 3081 2173 3137; x_wconf 75' lang='lat' dir='ltr'>licuit)</span> <span class='ocrx_word' id='word_1_262' title='bbox 2208 3079 2291 3129; x_wconf 82' lang='lat' dir='ltr'>Ita</span> 
     </span>
     <span class='ocr_line' id='line_1_32' title="bbox 217 3160 2289 3226; baseline 0.001 -17"><span class='ocrx_word' id='word_1_263' title='bbox 217 3162 449 3211; x_wconf 86' lang='lat' dir='ltr'>restituit</span> <span class='ocrx_word' id='word_1_264' title='bbox 481 3162 766 3211; x_wconf 85' lang='lat' dir='ltr'>Rhenanus</span> <span class='ocrx_word' id='word_1_265' title='bbox 807 3161 1122 3226; x_wconf 84' lang='lat' dir='ltr'>astipulante</span> <span class='ocrx_word' id='word_1_266' title='bbox 1161 3160 1451 3224; x_wconf 87' lang='lat' dir='ltr'>Freeulpho</span> <span class='ocrx_word' id='word_1_267' title='bbox 1484 3175 1578 3223; x_wconf 86' lang='lat' dir='ltr'>pro</span> <span class='ocrx_word' id='word_1_268' title='bbox 1616 3160 1737 3211; x_wconf 89' lang='lat' dir='ltr'>lect.</span> <span class='ocrx_word' id='word_1_269' title='bbox 1774 3161 1854 3215; x_wconf 84' lang='lat' dir='ltr'>ed.</span> <span class='ocrx_word' id='word_1_270' title='bbox 1895 3177 1973 3225; x_wconf 88' lang='lat' dir='ltr'>pr.</span> <span class='ocrx_word' id='word_1_271' title='bbox 2018 3167 2199 3224; x_wconf 72' lang='lat' dir='ltr'>meique.</span> <span class='ocrx_word' id='word_1_272' title='bbox 2221 3190 2289 3199; x_wconf 94' lang='lat'><strong>—</strong></span> 
     </span>
     <span class='ocr_line' id='line_1_33' title="bbox 215 3243 2287 3315; baseline 0 -22"><span class='ocrx_word' id='word_1_273' title='bbox 215 3248 442 3296; x_wconf 75' lang='lat' dir='ltr'>trevnulis</span> <span class='ocrx_word' id='word_1_274' title='bbox 467 3243 760 3315; x_wconf 71' lang='lat' dir='ltr'>paludibm)</span> <span class='ocrx_word' id='word_1_275' title='bbox 800 3243 932 3297; x_wconf 83' lang='lat' dir='ltr'>Rod.</span> <span class='ocrx_word' id='word_1_276' title='bbox 961 3246 1232 3307; x_wconf 71' lang='lat' dir='ltr'>paludibus</span> <span class='ocrx_word' id='word_1_277' title='bbox 1264 3245 1515 3294; x_wconf 63' lang='lat' dir='ltr'>tremulus.</span> <span class='ocrx_word' id='word_1_278' title='bbox 1549 3271 1610 3279; x_wconf 91' lang='lat'><em>-</em></span> <span class='ocrx_word' id='word_1_279' title='bbox 1643 3251 1869 3307; x_wconf 78' lang='lat' dir='ltr'>optatum</span> <span class='ocrx_word' id='word_1_280' title='bbox 1904 3249 2066 3307; x_wconf 76' lang='lat' dir='ltr'>potita</span> <span class='ocrx_word' id='word_1_281' title='bbox 2102 3246 2287 3311; x_wconf 71' lang='lat' dir='ltr'>solum)</span> 
     </span>
     <span class='ocr_line' id='line_1_34' title="bbox 216 3325 2290 3391; baseline 0 -15"><span class='ocrx_word' id='word_1_282' title='bbox 216 3328 382 3377; x_wconf 74' lang='lat' dir='ltr'>Potiri</span> <span class='ocrx_word' id='word_1_283' title='bbox 411 3328 627 3378; x_wconf 72' lang='lat' dir='ltr'>verbum</span> <span class='ocrx_word' id='word_1_284' title='bbox 663 3344 779 3377; x_wconf 92' lang='lat' dir='ltr'>cum</span> <span class='ocrx_word' id='word_1_285' title='bbox 814 3331 867 3377; x_wconf 86' lang='lat' dir='ltr'>et</span> <span class='ocrx_word' id='word_1_286' title='bbox 899 3325 1045 3390; x_wconf 82' lang='lat' dir='ltr'>alias,</span> <span class='ocrx_word' id='word_1_287' title='bbox 1082 3331 1142 3375; x_wconf 93' lang='lat' dir='ltr'>ut</span> <span class='ocrx_word' id='word_1_288' title='bbox 1175 3342 1296 3391; x_wconf 86' lang='lat' dir='ltr'>opp.</span> <span class='ocrx_word' id='word_1_289' title='bbox 1328 3327 1411 3379; x_wconf 88' lang='lat'>50.</span> <span class='ocrx_word' id='word_1_290' title='bbox 1439 3327 1521 3377; x_wconf 85' lang='lat'>55.</span> <span class='ocrx_word' id='word_1_291' title='bbox 1552 3326 1789 3377; x_wconf 84' lang='lat' dir='ltr'>Iordanis</span> <span class='ocrx_word' id='word_1_292' title='bbox 1821 3343 1935 3377; x_wconf 89' lang='lat' dir='ltr'>cum</span> <span class='ocrx_word' id='word_1_293' title='bbox 1959 3332 2140 3391; x_wconf 83' lang='lat' dir='ltr'>quarto</span> <span class='ocrx_word' id='word_1_294' title='bbox 2164 3342 2290 3377; x_wconf 77' lang='lat' dir='ltr'>casu</span> 
     </span>
     <span class='ocr_line' id='line_1_35' title="bbox 217 3408 2287 3476; baseline -0.002 -13"><span class='ocrx_word' id='word_1_295' title='bbox 217 3417 404 3476; x_wconf 83' lang='lat' dir='ltr'>struat,</span> <span class='ocrx_word' id='word_1_296' title='bbox 449 3412 699 3474; x_wconf 59' lang='lat' dir='ltr'>lectiones</span> <span class='ocrx_word' id='word_1_297' title='bbox 744 3411 919 3460; x_wconf 89' lang='lat' dir='ltr'>Ambr.</span> <span class='ocrx_word' id='word_1_298' title='bbox 966 3416 1140 3472; x_wconf 78' lang='lat' dir='ltr'>optata</span> <span class='ocrx_word' id='word_1_299' title='bbox 1175 3413 1327 3473; x_wconf 75' lang='lat' dir='ltr'>potiti</span> <span class='ocrx_word' id='word_1_300' title='bbox 1371 3416 1516 3472; x_wconf 76' lang='lat' dir='ltr'>terra,</span> <span class='ocrx_word' id='word_1_301' title='bbox 1553 3415 1708 3474; x_wconf 81' lang='lat' dir='ltr'>atque</span> <span class='ocrx_word' id='word_1_302' title='bbox 1741 3409 2016 3474; x_wconf 88' lang='lat' dir='ltr'>Freeulph.</span> <span class='ocrx_word' id='word_1_303' title='bbox 2065 3413 2119 3458; x_wconf 89' lang='lat' dir='ltr'>et</span> <span class='ocrx_word' id='word_1_304' title='bbox 2159 3408 2287 3458; x_wconf 86' lang='lat' dir='ltr'>Exc.</span> 
     </span>
     <span class='ocr_line' id='line_1_36' title="bbox 217 3491 2291 3559; baseline -0.002 -15"><span class='ocrx_word' id='word_1_305' title='bbox 217 3501 392 3559; x_wconf 81' lang='lat' dir='ltr'>optato</span> <span class='ocrx_word' id='word_1_306' title='bbox 425 3498 578 3557; x_wconf 76' lang='lat' dir='ltr'>potiti</span> <span class='ocrx_word' id='word_1_307' title='bbox 611 3498 714 3543; x_wconf 70' lang='lat' dir='ltr'>solo</span> <span class='ocrx_word' id='word_1_308' title='bbox 753 3492 1138 3558; x_wconf 82' lang='lat' dir='ltr'>posthabendas</span> <span class='ocrx_word' id='word_1_309' title='bbox 1173 3508 1284 3543; x_wconf 84' lang='lat' dir='ltr'>esse</span> <span class='ocrx_word' id='word_1_310' title='bbox 1320 3493 1459 3557; x_wconf 77' lang='lat' dir='ltr'>duxi,</span> <span class='ocrx_word' id='word_1_311' title='bbox 1494 3499 1553 3542; x_wconf 90' lang='lat' dir='ltr'>ut</span> <span class='ocrx_word' id='word_1_312' title='bbox 1583 3507 1717 3557; x_wconf 86' lang='lat' dir='ltr'>quae</span> <span class='ocrx_word' id='word_1_313' title='bbox 1739 3496 2076 3543; x_wconf 84' lang='lat' dir='ltr'>correctorem</span> <span class='ocrx_word' id='word_1_314' title='bbox 2099 3491 2291 3541; x_wconf 85' lang='lat' dir='ltr'>oleant.</span> 
     </span>
     <span class='ocr_line' id='line_1_37' title="bbox 218 3574 2290 3643; baseline -0.001 -16"><span class='ocrx_word' id='word_1_315' title='bbox 218 3580 291 3627; x_wconf 83' lang='lat' dir='ltr'>ad</span> <span class='ocrx_word' id='word_1_316' title='bbox 319 3585 508 3641; x_wconf 78' lang='lat' dir='ltr'>yentem</span> <span class='ocrx_word' id='word_1_317' title='bbox 541 3579 830 3643; x_wconf 77' lang='lat' dir='ltr'>Spalorum)</span> <span class='ocrx_word' id='word_1_318' title='bbox 857 3578 1022 3641; x_wconf 75' lang='lat' dir='ltr'>Spalii</span> <span class='ocrx_word' id='word_1_319' title='bbox 1055 3582 1175 3628; x_wconf 89' lang='lat' dir='ltr'>sunt</span> <span class='ocrx_word' id='word_1_320' title='bbox 1211 3575 1467 3629; x_wconf 85' lang='lat' dir='ltr'>Bonfinio.</span> <span class='ocrx_word' id='word_1_321' title='bbox 1502 3602 1571 3613; x_wconf 88' lang='lat'>-—</span> <span class='ocrx_word' id='word_1_322' title='bbox 1603 3576 1805 3623; x_wconf 78' lang='lat' dir='ltr'>Pontico</span> <span class='ocrx_word' id='word_1_323' title='bbox 1832 3578 1989 3637; x_wconf 78' lang='lat' dir='ltr'>mari)</span> <span class='ocrx_word' id='word_1_324' title='bbox 2013 3574 2290 3639; x_wconf 84' lang='lat' dir='ltr'>Freeulph.</span> 
     </span>
     <span class='ocr_line' id='line_1_38' title="bbox 214 3658 2288 3726; baseline -0.002 -15"><span class='ocrx_word' id='word_1_325' title='bbox 214 3676 338 3711; x_wconf 86' lang='lat' dir='ltr'>cum</span> <span class='ocrx_word' id='word_1_326' title='bbox 371 3661 502 3717; x_wconf 84' lang='lat' dir='ltr'>Rod.</span> <span class='ocrx_word' id='word_1_327' title='bbox 541 3661 696 3711; x_wconf 79' lang='lat' dir='ltr'>Ponto</span> <span class='ocrx_word' id='word_1_328' title='bbox 726 3664 872 3711; x_wconf 61' lang='lat' dir='ltr'>mavi.</span> <span class='ocrx_word' id='word_1_329' title='bbox 917 3692 977 3701; x_wconf 90' lang='lat'><em>-</em></span> <span class='ocrx_word' id='word_1_330' title='bbox 1020 3658 1280 3726; x_wconf 68' lang='lat' dir='ltr'>Ablavius)</span> <span class='ocrx_word' id='word_1_331' title='bbox 1319 3659 1408 3711; x_wconf 87' lang='lat' dir='ltr'>Sic</span> <span class='ocrx_word' id='word_1_332' title='bbox 1439 3659 1552 3709; x_wconf 84' lang='lat' dir='ltr'>Pal.</span> <span class='ocrx_word' id='word_1_333' title='bbox 1588 3674 1723 3709; x_wconf 86' lang='lat' dir='ltr'>unus</span> <span class='ocrx_word' id='word_1_334' title='bbox 1758 3674 1873 3709; x_wconf 89' lang='lat' dir='ltr'>cum</span> <span class='ocrx_word' id='word_1_335' title='bbox 1904 3658 2034 3711; x_wconf 85' lang='lat' dir='ltr'>Exc.</span> <span class='ocrx_word' id='word_1_336' title='bbox 2072 3664 2125 3709; x_wconf 84' lang='lat' dir='ltr'>et</span> <span class='ocrx_word' id='word_1_337' title='bbox 2146 3658 2288 3723; x_wconf 84' lang='lat' dir='ltr'>Epit.</span> 
     </span>
    </p>
   </div>
  </div>
 </body>
</html>
